<?xml version="1.0" encoding="UTF-8"?>
<!DOCTYPE html PUBLIC "-//W3C//DTD XHTML 1.0 Transitional//EN"
    "http://www.w3.org/TR/xhtml1/DTD/xhtml1-transitional.dtd">
<html xmlns="http://www.w3.org/1999/xhtml" xml:lang="en" lang="en">
 <head>
  <title>
</title>
<meta http-equiv="Content-Type" content="text/html;charset=utf-8" />
  <meta name='ocr-system' content='tesseract 3.04.00' />
  <meta name='ocr-capabilities' content='ocr_page ocr_carea ocr_par ocr_line ocrx_word'/>
</head>
<body>
  <div class='ocr_page' id='page_1' title='image "./prorosciowithint00ciceuoft/prorosciowithint00ciceuoft_0083.png"; bbox 0 0 2132 3094; ppageno 0'>
   <div class='ocr_carea' id='block_1_1' title="bbox 0 2045 5 2653">
    <p class='ocr_par' dir='ltr' id='par_1_1' title="bbox 0 2045 5 2653">
     <span class='ocr_line' id='line_1_1' title="bbox 0 2045 5 2653; baseline 0 0"><span class='ocrx_word' id='word_1_1' title='bbox 0 2045 5 2653; x_wconf 95' lang='lat' dir='ltr'> </span> 
     </span>
    </p>
   </div>
   <div class='ocr_carea' id='block_1_2' title="bbox 522 155 1800 223">
    <p class='ocr_par' dir='ltr' id='par_1_2' title="bbox 522 155 1800 223">
     <span class='ocr_line' id='line_1_2' title="bbox 522 155 1800 223; baseline -0.003 -14"><span class='ocrx_word' id='word_1_2' title='bbox 522 165 643 211; x_wconf 69' lang='lat' dir='ltr'>PRO</span> <span class='ocrx_word' id='word_1_3' title='bbox 679 166 814 206; x_wconf 81' lang='lat' dir='ltr'><em>SEX.</em></span> <span class='ocrx_word' id='word_1_4' title='bbox 852 161 1084 206; x_wconf 77' lang='lat' dir='ltr'><em>ROSCIO.</em></span> <span class='ocrx_word' id='word_1_5' title='bbox 1159 155 1218 223; x_wconf 52' lang='grc' dir='ltr'>ἕξ</span> <span class='ocrx_word' id='word_1_6' title='bbox 1248 163 1518 220; x_wconf 76' lang='lat'><strong>122—125.</strong></span> <span class='ocrx_word' id='word_1_7' title='bbox 1733 165 1800 221; x_wconf 89' lang='lat'>79</span> 
     </span>
    </p>
   </div>
   <div class='ocr_carea' id='block_1_3' title="bbox 135 295 1811 1580">
    <p class='ocr_par' dir='ltr' id='par_1_3' title="bbox 234 295 1806 519">
     <span class='ocr_line' id='line_1_3' title="bbox 235 295 1804 361; baseline -0.001 -16"><span class='ocrx_word' id='word_1_8' title='bbox 235 297 436 361; x_wconf 86' lang='lat' dir='ltr'>gratiam</span> <span class='ocrx_word' id='word_1_9' title='bbox 460 297 820 360; x_wconf 86' lang='lat' dir='ltr'><strong>potentiamque</strong></span> <span class='ocrx_word' id='word_1_10' title='bbox 838 297 1143 360; x_wconf 87' lang='lat' dir='ltr'>Chrysogoni</span> <span class='ocrx_word' id='word_1_11' title='bbox 1164 296 1366 343; x_wconf 88' lang='lat' dir='ltr'><strong>dicimus</strong></span> <span class='ocrx_word' id='word_1_12' title='bbox 1382 295 1591 343; x_wconf 70' lang='lat' dir='ltr'>et‘nobis</span> <span class='ocrx_word' id='word_1_13' title='bbox 1610 296 1804 344; x_wconf 90' lang='lat' dir='ltr'>obstare</span> 
     </span>
     <span class='ocr_line' id='line_1_4' title="bbox 234 378 1805 445; baseline -0.001 -18"><span class='ocrx_word' id='word_1_14' title='bbox 234 387 283 428; x_wconf 87' lang='lat' dir='ltr'>et</span> <span class='ocrx_word' id='word_1_15' title='bbox 305 378 506 445; x_wconf 87' lang='lat' dir='ltr'>perferri</span> <span class='ocrx_word' id='word_1_16' title='bbox 530 378 662 425; x_wconf 89' lang='lat' dir='ltr'>nullo</span> <span class='ocrx_word' id='word_1_17' title='bbox 687 379 835 427; x_wconf 90' lang='lat' dir='ltr'>modo</span> <span class='ocrx_word' id='word_1_18' title='bbox 860 394 1001 441; x_wconf 88' lang='lat' dir='ltr'>posse</span> <span class='ocrx_word' id='word_1_19' title='bbox 1025 386 1071 426; x_wconf 89' lang='lat' dir='ltr'>et</span> <span class='ocrx_word' id='word_1_20' title='bbox 1104 394 1132 425; x_wconf 88' lang='lat' dir='ltr'>a</span> <span class='ocrx_word' id='word_1_21' title='bbox 1160 378 1311 436; x_wconf 88' lang='lat' dir='ltr'>vobis,</span> <span class='ocrx_word' id='word_1_22' title='bbox 1337 378 1568 439; x_wconf 89' lang='lat' dir='ltr'>quoniam</span> <span class='ocrx_word' id='word_1_23' title='bbox 1592 386 1805 440; x_wconf 89' lang='lat' dir='ltr'>potestas</span> 
     </span>
     <span class='ocr_line' id='line_1_5' title="bbox 235 459 1806 519; baseline -0.001 -12"><span class='ocrx_word' id='word_1_24' title='bbox 235 461 346 508; x_wconf 90' lang='lat' dir='ltr'>data</span> <span class='ocrx_word' id='word_1_25' title='bbox 391 468 476 518; x_wconf 89' lang='lat' dir='ltr'>est,</span> <span class='ocrx_word' id='word_1_26' title='bbox 516 476 617 508; x_wconf 91' lang='lat' dir='ltr'>non</span> <span class='ocrx_word' id='word_1_27' title='bbox 663 461 812 509; x_wconf 91' lang='lat' dir='ltr'>modo</span> <span class='ocrx_word' id='word_1_28' title='bbox 859 461 1106 519; x_wconf 87' lang='lat' dir='ltr'>infirmari,</span> <span class='ocrx_word' id='word_1_29' title='bbox 1160 475 1328 506; x_wconf 88' lang='lat' dir='ltr'>verum</span> <span class='ocrx_word' id='word_1_30' title='bbox 1385 460 1531 507; x_wconf 85' lang='lat' dir='ltr'>etiam</span> <span class='ocrx_word' id='word_1_31' title='bbox 1576 459 1806 507; x_wconf 88' lang='lat' dir='ltr'>vindicari</span> 
     </span>
    </p>

    <p class='ocr_par' dir='ltr' id='par_1_4' title="bbox 135 541 1811 1580">
     <span class='ocr_line' id='line_1_6' title="bbox 135 541 1807 605; baseline -0.004 -12"><span class='ocrx_word' id='word_1_32' title='bbox 135 554 211 593; x_wconf 84' lang='lat'>123</span> <span class='ocrx_word' id='word_1_33' title='bbox 235 550 468 604; x_wconf 83' lang='lat' dir='ltr'><strong>oportere.</strong></span> <span class='ocrx_word' id='word_1_34' title='bbox 524 542 636 605; x_wconf 91' lang='lat' dir='ltr'>Ego</span> <span class='ocrx_word' id='word_1_35' title='bbox 666 543 733 590; x_wconf 91' lang='lat' dir='ltr'>sic</span> <span class='ocrx_word' id='word_1_36' title='bbox 757 543 979 590; x_wconf 87' lang='lat' dir='ltr'>existimo</span> <span class='ocrx_word' id='word_1_37' title='bbox 1003 560 1012 590; x_wconf 93' lang='lat'>:</span> <span class='ocrx_word' id='word_1_38' title='bbox 1041 542 1123 605; x_wconf 91' lang='lat' dir='ltr'>qui</span> <span class='ocrx_word' id='word_1_39' title='bbox 1148 541 1319 604; x_wconf 92' lang='lat' dir='ltr'>quaeri</span> <span class='ocrx_word' id='word_1_40' title='bbox 1343 541 1453 588; x_wconf 87' lang='lat' dir='ltr'>velit</span> <span class='ocrx_word' id='word_1_41' title='bbox 1486 556 1545 587; x_wconf 87' lang='lat' dir='ltr'>ex</span> <span class='ocrx_word' id='word_1_42' title='bbox 1571 541 1653 599; x_wconf 91' lang='lat' dir='ltr'>eis,</span> <span class='ocrx_word' id='word_1_43' title='bbox 1681 556 1807 603; x_wconf 92' lang='lat' dir='ltr'>quos</span> 
     </span>
     <span class='ocr_line' id='line_1_7' title="bbox 235 620 1807 681; baseline -0.001 -14"><span class='ocrx_word' id='word_1_44' title='bbox 235 627 434 677; x_wconf 87' lang='lat' dir='ltr'>constat,</span> <span class='ocrx_word' id='word_1_45' title='bbox 458 635 569 667; x_wconf 92' lang='lat' dir='ltr'>cum</span> <span class='ocrx_word' id='word_1_46' title='bbox 593 620 762 668; x_wconf 90' lang='lat' dir='ltr'>caedes</span> <span class='ocrx_word' id='word_1_47' title='bbox 786 620 908 668; x_wconf 80' lang='lat' dir='ltr'>sacta</span> <span class='ocrx_word' id='word_1_48' title='bbox 932 629 1015 679; x_wconf 91' lang='lat' dir='ltr'>est,</span> <span class='ocrx_word' id='word_1_49' title='bbox 1052 620 1275 677; x_wconf 82' lang='lat' dir='ltr'>adfuisse,</span> <span class='ocrx_word' id='word_1_50' title='bbox 1300 634 1414 666; x_wconf 90' lang='lat' dir='ltr'>eum</span> <span class='ocrx_word' id='word_1_51' title='bbox 1438 634 1615 681; x_wconf 89' lang='lat' dir='ltr'>cupere</span> <span class='ocrx_word' id='word_1_52' title='bbox 1640 634 1807 666; x_wconf 88' lang='lat' dir='ltr'>verum</span> 
     </span>
     <span class='ocr_line' id='line_1_8' title="bbox 234 701 1808 764; baseline -0.001 -16"><span class='ocrx_word' id='word_1_53' title='bbox 234 702 458 760; x_wconf 80' lang='lat' dir='ltr'>inveniri3</span> <span class='ocrx_word' id='word_1_54' title='bbox 508 702 591 764; x_wconf 94' lang='lat' dir='ltr'>qui</span> <span class='ocrx_word' id='word_1_55' title='bbox 627 710 825 760; x_wconf 88' lang='lat' dir='ltr'>recuset,</span> <span class='ocrx_word' id='word_1_56' title='bbox 861 717 974 749; x_wconf 90' lang='lat' dir='ltr'>eum</span> <span class='ocrx_word' id='word_1_57' title='bbox 1011 702 1250 764; x_wconf 86' lang='lat' dir='ltr'>profecto,</span> <span class='ocrx_word' id='word_1_58' title='bbox 1286 701 1477 748; x_wconf 88' lang='lat' dir='ltr'>tametsi</span> <span class='ocrx_word' id='word_1_59' title='bbox 1518 701 1666 748; x_wconf 87' lang='lat' dir='ltr'>verbo</span> <span class='ocrx_word' id='word_1_60' title='bbox 1708 716 1808 748; x_wconf 90' lang='lat' dir='ltr'>non</span> 
     </span>
     <span class='ocr_line' id='line_1_9' title="bbox 237 782 1807 846; baseline -0.001 -16"><span class='ocrx_word' id='word_1_61' title='bbox 237 783 424 841; x_wconf 79' lang='lat' dir='ltr'>audeat,</span> <span class='ocrx_word' id='word_1_62' title='bbox 463 791 624 830; x_wconf 89' lang='lat' dir='ltr'>tamen</span> <span class='ocrx_word' id='word_1_63' title='bbox 666 799 717 831; x_wconf 91' lang='lat' dir='ltr'>re</span> <span class='ocrx_word' id='word_1_64' title='bbox 755 784 857 846; x_wconf 88' lang='lat' dir='ltr'>ipsa</span> <span class='ocrx_word' id='word_1_65' title='bbox 889 784 948 831; x_wconf 91' lang='lat' dir='ltr'>de</span> <span class='ocrx_word' id='word_1_66' title='bbox 982 784 1219 830; x_wconf 88' lang='lat' dir='ltr'>maleficio</span> <span class='ocrx_word' id='word_1_67' title='bbox 1255 798 1343 830; x_wconf 91' lang='lat' dir='ltr'>suo</span> <span class='ocrx_word' id='word_1_68' title='bbox 1390 783 1619 830; x_wconf 89' lang='lat' dir='ltr'>confiteri.</span> <span class='ocrx_word' id='word_1_69' title='bbox 1692 782 1807 829; x_wconf 87' lang='lat' dir='ltr'>Dixi</span> 
     </span>
     <span class='ocr_line' id='line_1_10' title="bbox 236 864 1806 927; baseline -0.001 -16"><span class='ocrx_word' id='word_1_70' title='bbox 236 865 384 923; x_wconf 91' lang='lat' dir='ltr'>initio,</span> <span class='ocrx_word' id='word_1_71' title='bbox 414 865 609 923; x_wconf 88' lang='lat' dir='ltr'>iudices,</span> <span class='ocrx_word' id='word_1_72' title='bbox 634 866 761 912; x_wconf 85' lang='lat' dir='ltr'>nolle</span> <span class='ocrx_word' id='word_1_73' title='bbox 796 881 876 913; x_wconf 91' lang='lat' dir='ltr'>me</span> <span class='ocrx_word' id='word_1_74' title='bbox 911 865 1047 927; x_wconf 88' lang='lat' dir='ltr'>plura</span> <span class='ocrx_word' id='word_1_75' title='bbox 1082 864 1141 912; x_wconf 91' lang='lat' dir='ltr'>de</span> <span class='ocrx_word' id='word_1_76' title='bbox 1176 865 1376 913; x_wconf 91' lang='lat' dir='ltr'>istorum</span> <span class='ocrx_word' id='word_1_77' title='bbox 1412 865 1591 912; x_wconf 89' lang='lat' dir='ltr'>scelere</span> <span class='ocrx_word' id='word_1_78' title='bbox 1630 864 1806 923; x_wconf 88' lang='lat' dir='ltr'>dicere,</span> 
     </span>
     <span class='ocr_line' id='line_1_11' title="bbox 238 946 1807 1009; baseline -0.001 -17"><span class='ocrx_word' id='word_1_79' title='bbox 238 961 384 1009; x_wconf 88' lang='lat' dir='ltr'>quam</span> <span class='ocrx_word' id='word_1_80' title='bbox 408 962 552 993; x_wconf 88' lang='lat' dir='ltr'>causa</span> <span class='ocrx_word' id='word_1_81' title='bbox 575 947 834 1008; x_wconf 85' lang='lat' dir='ltr'>postularet</span> <span class='ocrx_word' id='word_1_82' title='bbox 857 963 913 994; x_wconf 89' lang='lat' dir='ltr'>ac</span> <span class='ocrx_word' id='word_1_83' title='bbox 938 947 1196 994; x_wconf 86' lang='lat' dir='ltr'>necessitas</span> <span class='ocrx_word' id='word_1_84' title='bbox 1227 946 1334 1008; x_wconf 91' lang='lat' dir='ltr'>ipsa</span> <span class='ocrx_word' id='word_1_85' title='bbox 1358 954 1581 1008; x_wconf 80' lang='lat' dir='ltr'>cogeret3</span> <span class='ocrx_word' id='word_1_86' title='bbox 1619 962 1736 994; x_wconf 91' lang='lat' dir='ltr'>nam</span> <span class='ocrx_word' id='word_1_87' title='bbox 1761 954 1807 992; x_wconf 89' lang='lat' dir='ltr'>et</span> 
     </span>
     <span class='ocr_line' id='line_1_12' title="bbox 237 1026 1809 1089; baseline 0 -16"><span class='ocrx_word' id='word_1_88' title='bbox 237 1027 415 1074; x_wconf 90' lang='lat' dir='ltr'>multae</span> <span class='ocrx_word' id='word_1_89' title='bbox 446 1043 522 1074; x_wconf 89' lang='lat' dir='ltr'>res</span> <span class='ocrx_word' id='word_1_90' title='bbox 554 1028 725 1075; x_wconf 88' lang='lat' dir='ltr'>adferri</span> <span class='ocrx_word' id='word_1_91' title='bbox 748 1036 956 1089; x_wconf 64' lang='lat' dir='ltr'>&gt;possunt</span> <span class='ocrx_word' id='word_1_92' title='bbox 985 1036 1030 1077; x_wconf 84' lang='lat' dir='ltr'>et</span> <span class='ocrx_word' id='word_1_93' title='bbox 1062 1043 1160 1074; x_wconf 87' lang='lat' dir='ltr'>una</span> <span class='ocrx_word' id='word_1_94' title='bbox 1189 1042 1408 1089; x_wconf 89' lang='lat' dir='ltr'>quaeque</span> <span class='ocrx_word' id='word_1_95' title='bbox 1443 1042 1611 1074; x_wconf 90' lang='lat' dir='ltr'>earum</span> <span class='ocrx_word' id='word_1_96' title='bbox 1646 1026 1809 1074; x_wconf 89' lang='lat' dir='ltr'>multis</span> 
     </span>
     <span class='ocr_line' id='line_1_13' title="bbox 238 1109 1806 1171; baseline -0.002 -14"><span class='ocrx_word' id='word_1_97' title='bbox 238 1125 351 1157; x_wconf 91' lang='lat' dir='ltr'>cum</span> <span class='ocrx_word' id='word_1_98' title='bbox 374 1111 665 1171; x_wconf 86' lang='lat' dir='ltr'>argumentis</span> <span class='ocrx_word' id='word_1_99' title='bbox 700 1109 792 1156; x_wconf 93' lang='lat' dir='ltr'>dici</span> <span class='ocrx_word' id='word_1_100' title='bbox 823 1117 1010 1171; x_wconf 82' lang='lat' dir='ltr'>potest3</span> <span class='ocrx_word' id='word_1_101' title='bbox 1048 1124 1213 1156; x_wconf 90' lang='lat' dir='ltr'>verum</span> <span class='ocrx_word' id='word_1_102' title='bbox 1247 1124 1353 1170; x_wconf 88' lang='lat' dir='ltr'>ego,</span> <span class='ocrx_word' id='word_1_103' title='bbox 1380 1109 1513 1171; x_wconf 91' lang='lat' dir='ltr'>quod</span> <span class='ocrx_word' id='word_1_104' title='bbox 1544 1109 1718 1155; x_wconf 90' lang='lat' dir='ltr'>invitus</span> <span class='ocrx_word' id='word_1_105' title='bbox 1750 1124 1806 1155; x_wconf 89' lang='lat' dir='ltr'>ac</span> 
     </span>
     <span class='ocr_line' id='line_1_14' title="bbox 239 1186 1807 1256; baseline 0.001 -20"><span class='ocrx_word' id='word_1_106' title='bbox 239 1191 510 1256; x_wconf 86' lang='lat' dir='ltr'>necessario</span> <span class='ocrx_word' id='word_1_107' title='bbox 528 1186 665 1250; x_wconf 90' lang='lat' dir='ltr'>facio,</span> <span class='ocrx_word' id='word_1_108' title='bbox 686 1207 842 1253; x_wconf 90' lang='lat' dir='ltr'>neque</span> <span class='ocrx_word' id='word_1_109' title='bbox 860 1191 941 1237; x_wconf 91' lang='lat' dir='ltr'>diu</span> <span class='ocrx_word' id='word_1_110' title='bbox 965 1206 1121 1253; x_wconf 89' lang='lat' dir='ltr'>neque</span> <span class='ocrx_word' id='word_1_111' title='bbox 1142 1190 1392 1252; x_wconf 84' lang='lat' dir='ltr'>diligenter</span> <span class='ocrx_word' id='word_1_112' title='bbox 1411 1190 1567 1238; x_wconf 87' lang='lat' dir='ltr'>facere</span> <span class='ocrx_word' id='word_1_113' title='bbox 1587 1206 1784 1253; x_wconf 90' lang='lat' dir='ltr'>possum</span> <span class='ocrx_word' id='word_1_114' title='bbox 1795 1207 1807 1249; x_wconf 83' lang='lat'><em>3</em></span> 
     </span>
     <span class='ocr_line' id='line_1_15' title="bbox 240 1272 1810 1334; baseline 0.001 -16"><span class='ocrx_word' id='word_1_115' title='bbox 240 1287 364 1334; x_wconf 90' lang='lat' dir='ltr'>quae</span> <span class='ocrx_word' id='word_1_116' title='bbox 402 1274 642 1334; x_wconf 89' lang='lat' dir='ltr'>praeteriri</span> <span class='ocrx_word' id='word_1_117' title='bbox 680 1273 812 1319; x_wconf 92' lang='lat' dir='ltr'>nullo</span> <span class='ocrx_word' id='word_1_118' title='bbox 851 1273 1000 1319; x_wconf 91' lang='lat' dir='ltr'>modo</span> <span class='ocrx_word' id='word_1_119' title='bbox 1036 1280 1272 1334; x_wconf 88' lang='lat' dir='ltr'>poterant,</span> <span class='ocrx_word' id='word_1_120' title='bbox 1309 1287 1365 1318; x_wconf 91' lang='lat' dir='ltr'>ea</span> <span class='ocrx_word' id='word_1_121' title='bbox 1400 1272 1576 1329; x_wconf 88' lang='lat' dir='ltr'>leviter,</span> <span class='ocrx_word' id='word_1_122' title='bbox 1615 1272 1810 1330; x_wconf 87' lang='lat' dir='ltr'>iudices,</span> 
     </span>
     <span class='ocr_line' id='line_1_16' title="bbox 241 1353 1810 1416; baseline 0 -17"><span class='ocrx_word' id='word_1_123' title='bbox 241 1354 402 1414; x_wconf 87' lang='lat' dir='ltr'>attigi;</span> <span class='ocrx_word' id='word_1_124' title='bbox 456 1369 580 1416; x_wconf 86' lang='lat' dir='ltr'>quae</span> <span class='ocrx_word' id='word_1_125' title='bbox 618 1355 774 1416; x_wconf 88' lang='lat' dir='ltr'>posita</span> <span class='ocrx_word' id='word_1_126' title='bbox 815 1362 924 1402; x_wconf 91' lang='lat' dir='ltr'>sunt</span> <span class='ocrx_word' id='word_1_127' title='bbox 965 1355 1015 1401; x_wconf 91' lang='lat' dir='ltr'>in</span> <span class='ocrx_word' id='word_1_128' title='bbox 1053 1354 1413 1415; x_wconf 77' lang='lat' dir='ltr'>suspitionibus,</span> <span class='ocrx_word' id='word_1_129' title='bbox 1457 1353 1515 1400; x_wconf 91' lang='lat' dir='ltr'>de</span> <span class='ocrx_word' id='word_1_130' title='bbox 1556 1354 1729 1415; x_wconf 90' lang='lat' dir='ltr'>quibus</span> <span class='ocrx_word' id='word_1_131' title='bbox 1772 1354 1810 1400; x_wconf 90' lang='lat' dir='ltr'>si</span> 
     </span>
     <span class='ocr_line' id='line_1_17' title="bbox 239 1435 1811 1497; baseline -0.001 -15"><span class='ocrx_word' id='word_1_132' title='bbox 239 1449 452 1496; x_wconf 87' lang='lat' dir='ltr'>coepero.</span> <span class='ocrx_word' id='word_1_133' title='bbox 481 1435 654 1492; x_wconf 83' lang='lat' dir='ltr'>dicere,</span> <span class='ocrx_word' id='word_1_134' title='bbox 679 1436 893 1497; x_wconf 88' lang='lat' dir='ltr'>pluribus</span> <span class='ocrx_word' id='word_1_135' title='bbox 917 1437 1072 1482; x_wconf 90' lang='lat' dir='ltr'>verbis</span> <span class='ocrx_word' id='word_1_136' title='bbox 1108 1436 1166 1482; x_wconf 90' lang='lat' dir='ltr'>sit</span> <span class='ocrx_word' id='word_1_137' title='bbox 1190 1435 1536 1493; x_wconf 86' lang='lat' dir='ltr'>disserendum,</span> <span class='ocrx_word' id='word_1_138' title='bbox 1561 1451 1618 1483; x_wconf 90' lang='lat' dir='ltr'>ea</span> <span class='ocrx_word' id='word_1_139' title='bbox 1643 1436 1811 1483; x_wconf 87' lang='lat' dir='ltr'>vestris</span> 
     </span>
     <span class='ocr_line' id='line_1_18' title="bbox 241 1517 1154 1580; baseline 0.003 -18"><span class='ocrx_word' id='word_1_140' title='bbox 241 1517 444 1579; x_wconf 86' lang='lat' dir='ltr'>ingeniis</span> <span class='ocrx_word' id='word_1_141' title='bbox 469 1517 865 1580; x_wconf 83' lang='lat' dir='ltr'>coniecturaeque</span> <span class='ocrx_word' id='word_1_142' title='bbox 890 1518 1154 1566; x_wconf 89' lang='lat' dir='ltr'>committo.</span> 
     </span>
    </p>
   </div>
   <div class='ocr_carea' id='block_1_4' title="bbox 247 1689 1813 1807">
    <p class='ocr_par' dir='ltr' id='par_1_5' title="bbox 247 1689 1813 1807">
     <span class='ocr_line' id='line_1_19' title="bbox 247 1689 1813 1741; baseline 0.001 -14"><span class='ocrx_word' id='word_1_143' title='bbox 247 1689 331 1727; x_wconf 72' lang='lat' dir='ltr'>The</span> <span class='ocrx_word' id='word_1_144' title='bbox 349 1689 476 1727; x_wconf 78' lang='lat' dir='ltr'>whole</span> <span class='ocrx_word' id='word_1_145' title='bbox 495 1689 729 1740; x_wconf 75' lang='lat' dir='ltr'>conspiracy</span> <span class='ocrx_word' id='word_1_146' title='bbox 749 1690 823 1728; x_wconf 76' lang='lat' dir='ltr'>has</span> <span class='ocrx_word' id='word_1_147' title='bbox 844 1690 1043 1729; x_wconf 74' lang='lat' dir='ltr'><em>sheltered</em></span> <span class='ocrx_word' id='word_1_148' title='bbox 1065 1690 1184 1741; x_wconf 82' lang='lat' dir='ltr'>z&#39;tself</span> <span class='ocrx_word' id='word_1_149' title='bbox 1193 1689 1329 1728; x_wconf 80' lang='lat' dir='ltr'><em>under</em></span> <span class='ocrx_word' id='word_1_150' title='bbox 1345 1689 1411 1727; x_wconf 61' lang='lat' dir='ltr'>tlte</span> <span class='ocrx_word' id='word_1_151' title='bbox 1439 1702 1559 1728; x_wconf 84' lang='lat' dir='ltr'>name</span> <span class='ocrx_word' id='word_1_152' title='bbox 1577 1689 1628 1740; x_wconf 85' lang='lat' dir='ltr'>of</span> <span class='ocrx_word' id='word_1_153' title='bbox 1642 1689 1813 1740; x_wconf 77' lang='lat' dir='ltr'>Chryso-</span> 
     </span>
     <span class='ocr_line' id='line_1_20' title="bbox 341 1755 1813 1807; baseline 0.001 -14"><span class='ocrx_word' id='word_1_154' title='bbox 341 1768 485 1806; x_wconf 82' lang='lat' dir='ltr'>gonus.</span> <span class='ocrx_word' id='word_1_155' title='bbox 542 1756 574 1794; x_wconf 92' lang='lat' dir='ltr'><em>I</em></span> <span class='ocrx_word' id='word_1_156' title='bbox 586 1768 662 1793; x_wconf 82' lang='lat' dir='ltr'>can</span> <span class='ocrx_word' id='word_1_157' title='bbox 680 1755 773 1794; x_wconf 81' lang='lat' dir='ltr'>deal</span> <span class='ocrx_word' id='word_1_158' title='bbox 788 1757 892 1794; x_wconf 71' lang='lat' dir='ltr'>with</span> <span class='ocrx_word' id='word_1_159' title='bbox 921 1757 1010 1794; x_wconf 79' lang='lat' dir='ltr'>him</span> <span class='ocrx_word' id='word_1_160' title='bbox 1030 1757 1207 1794; x_wconf 72' lang='lat' dir='ltr'>without</span> <span class='ocrx_word' id='word_1_161' title='bbox 1235 1755 1401 1806; x_wconf 77' lang='lat' dir='ltr'>raz&#39;sz&#39;ng</span> <span class='ocrx_word' id='word_1_162' title='bbox 1415 1756 1480 1794; x_wconf 74' lang='lat' dir='ltr'>tlte</span> <span class='ocrx_word' id='word_1_163' title='bbox 1503 1756 1677 1806; x_wconf 79' lang='lat' dir='ltr'>general</span> <span class='ocrx_word' id='word_1_164' title='bbox 1699 1769 1813 1807; x_wconf 82' lang='lat' dir='ltr'>ques-</span> 
     </span>
    </p>
   </div>
   <div class='ocr_carea' id='block_1_5' title="bbox 347 1823 1818 1943">
    <p class='ocr_par' dir='ltr' id='par_1_6' title="bbox 347 1823 1818 1943">
     <span class='ocr_line' id='line_1_21' title="bbox 347 1823 1818 1875; baseline 0.001 -14"><span class='ocrx_word' id='word_1_165' title='bbox 347 1823 434 1861; x_wconf 83' lang='lat' dir='ltr'>tion</span> <span class='ocrx_word' id='word_1_166' title='bbox 452 1823 502 1873; x_wconf 69' lang='lat' dir='ltr'>of</span> <span class='ocrx_word' id='word_1_167' title='bbox 519 1823 585 1862; x_wconf 77' lang='lat' dir='ltr'>the</span> <span class='ocrx_word' id='word_1_168' title='bbox 604 1825 892 1875; x_wconf 79' lang='lat' dir='ltr'>proscrz&#39;ptz&#39;on.</span> <span class='ocrx_word' id='word_1_169' title='bbox 949 1826 1036 1864; x_wconf 80' lang='lat' dir='ltr'>For</span> <span class='ocrx_word' id='word_1_170' title='bbox 1050 1826 1082 1863; x_wconf 91' lang='lat' dir='ltr'><em>I</em></span> <span class='ocrx_word' id='word_1_171' title='bbox 1094 1825 1198 1874; x_wconf 83' lang='lat' dir='ltr'>deny</span> <span class='ocrx_word' id='word_1_172' title='bbox 1217 1824 1308 1863; x_wconf 86' lang='lat' dir='ltr'><em>tlzat</em></span> <span class='ocrx_word' id='word_1_173' title='bbox 1334 1824 1400 1863; x_wconf 80' lang='lat' dir='ltr'><em>tlze</em></span> <span class='ocrx_word' id='word_1_174' title='bbox 1428 1829 1552 1863; x_wconf 76' lang='lat' dir='ltr'>terms</span> <span class='ocrx_word' id='word_1_175' title='bbox 1570 1823 1620 1875; x_wconf 79' lang='lat' dir='ltr'>of</span> <span class='ocrx_word' id='word_1_176' title='bbox 1639 1825 1674 1863; x_wconf 81' lang='lat' dir='ltr'>it</span> <span class='ocrx_word' id='word_1_177' title='bbox 1698 1824 1818 1863; x_wconf 88' lang='lat' dir='ltr'>could</span> 
     </span>
     <span class='ocr_line' id='line_1_22' title="bbox 347 1892 893 1943; baseline 0.005 -14"><span class='ocrx_word' id='word_1_178' title='bbox 347 1892 469 1943; x_wconf 80' lang='lat' dir='ltr'>apply</span> <span class='ocrx_word' id='word_1_179' title='bbox 486 1897 524 1930; x_wconf 85' lang='lat' dir='ltr'>to</span> <span class='ocrx_word' id='word_1_180' title='bbox 543 1893 694 1930; x_wconf 82' lang='lat' dir='ltr'>Sextus</span> <span class='ocrx_word' id='word_1_181' title='bbox 712 1893 893 1932; x_wconf 79' lang='lat' dir='ltr'>Roscius.</span> 
     </span>
    </p>
   </div>
   <div class='ocr_carea' id='block_1_6' title="bbox 138 2001 2090 2804">
    <p class='ocr_par' dir='ltr' id='par_1_7' title="bbox 139 2001 2090 2641">
     <span class='ocr_line' id='line_1_23' title="bbox 139 2001 2090 2069; baseline -0.003 -12"><span class='ocrx_word' id='word_1_182' title='bbox 139 2019 215 2057; x_wconf 83' lang='lat'>124</span> <span class='ocrx_word' id='word_1_183' title='bbox 307 2008 406 2053; x_wconf 82' lang='lat'>43.</span> <span class='ocrx_word' id='word_1_184' title='bbox 443 2003 602 2050; x_wconf 87' lang='lat' dir='ltr'>Venio</span> <span class='ocrx_word' id='word_1_185' title='bbox 634 2019 762 2051; x_wconf 91' lang='lat' dir='ltr'>nunc</span> <span class='ocrx_word' id='word_1_186' title='bbox 790 2004 852 2051; x_wconf 87' lang='lat' dir='ltr'>ad</span> <span class='ocrx_word' id='word_1_187' title='bbox 877 2003 991 2051; x_wconf 92' lang='lat' dir='ltr'>illud</span> <span class='ocrx_word' id='word_1_188' title='bbox 1017 2019 1197 2052; x_wconf 90' lang='lat' dir='ltr'>nomen</span> <span class='ocrx_word' id='word_1_189' title='bbox 1221 2019 1420 2051; x_wconf 88' lang='lat' dir='ltr'>aureum</span> <span class='ocrx_word' id='word_1_190' title='bbox 1443 2001 1812 2069; x_wconf 87' lang='lat' dir='ltr'>[Chrysogoni],</span> <span class='ocrx_word' id='word_1_191' title='bbox 1836 2017 1914 2056; x_wconf 83' lang='lat'>111.</span> <span class='ocrx_word' id='word_1_192' title='bbox 1937 2017 2090 2057; x_wconf 87' lang='lat' dir='ltr'>Attack</span> 
     </span>
     <span class='ocr_line' id='line_1_24' title="bbox 241 2072 2090 2173; baseline -0.001 -41"><span class='ocrx_word' id='word_1_193' title='bbox 241 2087 329 2132; x_wconf 91' lang='lat' dir='ltr'>sub</span> <span class='ocrx_word' id='word_1_194' title='bbox 346 2101 443 2147; x_wconf 93' lang='lat' dir='ltr'>quo</span> <span class='ocrx_word' id='word_1_195' title='bbox 468 2086 664 2132; x_wconf 91' lang='lat' dir='ltr'>nomine</span> <span class='ocrx_word' id='word_1_196' title='bbox 690 2094 790 2133; x_wconf 89' lang='lat' dir='ltr'>tota</span> <span class='ocrx_word' id='word_1_197' title='bbox 809 2086 1008 2133; x_wconf 89' lang='lat' dir='ltr'>societas</span> <span class='ocrx_word' id='word_1_198' title='bbox 1033 2086 1185 2133; x_wconf 91' lang='lat' dir='ltr'>latuit:</span> <span class='ocrx_word' id='word_1_199' title='bbox 1217 2087 1274 2133; x_wconf 90' lang='lat' dir='ltr'>de</span> <span class='ocrx_word' id='word_1_200' title='bbox 1295 2102 1407 2149; x_wconf 89' lang='lat' dir='ltr'>quo,</span> <span class='ocrx_word' id='word_1_201' title='bbox 1435 2086 1628 2143; x_wconf 88' lang='lat' dir='ltr'>iudices,</span> <span class='ocrx_word' id='word_1_202' title='bbox 1655 2101 1812 2148; x_wconf 90' lang='lat' dir='ltr'>neque</span> <span class='ocrx_word' id='word_1_203' title='bbox 1835 2072 2090 2173; x_wconf 56' lang='grc' dir='ltr'>Οὲηἳὲπζὲο·</span> 
     </span>
     <span class='ocr_line' id='line_1_25' title="bbox 239 2140 2039 2232; baseline -0.001 -19"><span class='ocrx_word' id='word_1_204' title='bbox 239 2183 338 2230; x_wconf 90' lang='lat' dir='ltr'>quo</span> <span class='ocrx_word' id='word_1_205' title='bbox 362 2168 510 2215; x_wconf 91' lang='lat' dir='ltr'>modo</span> <span class='ocrx_word' id='word_1_206' title='bbox 529 2167 687 2215; x_wconf 89' lang='lat' dir='ltr'>dicam</span> <span class='ocrx_word' id='word_1_207' title='bbox 706 2182 863 2230; x_wconf 88' lang='lat' dir='ltr'>neque</span> <span class='ocrx_word' id='word_1_208' title='bbox 882 2183 979 2230; x_wconf 91' lang='lat' dir='ltr'>quo</span> <span class='ocrx_word' id='word_1_209' title='bbox 1003 2168 1151 2215; x_wconf 90' lang='lat' dir='ltr'>modo</span> <span class='ocrx_word' id='word_1_210' title='bbox 1167 2177 1350 2215; x_wconf 86' lang='lat' dir='ltr'>taceam</span> <span class='ocrx_word' id='word_1_211' title='bbox 1374 2169 1578 2230; x_wconf 89' lang='lat' dir='ltr'>reperire</span> <span class='ocrx_word' id='word_1_212' title='bbox 1597 2182 1812 2230; x_wconf 88' lang='lat' dir='ltr'>possum.</span> <span class='ocrx_word' id='word_1_213' title='bbox 1834 2140 2039 2232; x_wconf 51' lang='lat' dir='ltr'><em>{gu-1142,</em></span> 
     </span>
     <span class='ocr_line' id='line_1_26' title="bbox 242 2249 1814 2312; baseline -0.001 -15"><span class='ocrx_word' id='word_1_214' title='bbox 242 2249 293 2297; x_wconf 86' lang='lat' dir='ltr'>Si</span> <span class='ocrx_word' id='word_1_215' title='bbox 318 2249 446 2296; x_wconf 87' lang='lat' dir='ltr'>enirn</span> <span class='ocrx_word' id='word_1_216' title='bbox 481 2258 632 2307; x_wconf 88' lang='lat' dir='ltr'>taceo,</span> <span class='ocrx_word' id='word_1_217' title='bbox 655 2250 731 2297; x_wconf 86' lang='lat' dir='ltr'>vel</span> <span class='ocrx_word' id='word_1_218' title='bbox 755 2250 1018 2296; x_wconf 85' lang='lat' dir='ltr'>maximam</span> <span class='ocrx_word' id='word_1_219' title='bbox 1051 2259 1237 2312; x_wconf 89' lang='lat' dir='ltr'>partem</span> <span class='ocrx_word' id='word_1_220' title='bbox 1267 2250 1508 2311; x_wconf 86' lang='lat' dir='ltr'>relinquo;</span> <span class='ocrx_word' id='word_1_221' title='bbox 1545 2250 1618 2296; x_wconf 92' lang='lat' dir='ltr'>sin</span> <span class='ocrx_word' id='word_1_222' title='bbox 1651 2258 1814 2296; x_wconf 87' lang='lat' dir='ltr'>autem</span> 
     </span>
     <span class='ocr_line' id='line_1_27' title="bbox 240 2331 1811 2395; baseline 0 -17"><span class='ocrx_word' id='word_1_223' title='bbox 240 2331 365 2390; x_wconf 88' lang='lat' dir='ltr'>dico,</span> <span class='ocrx_word' id='word_1_224' title='bbox 391 2347 559 2379; x_wconf 90' lang='lat' dir='ltr'>vereor</span> <span class='ocrx_word' id='word_1_225' title='bbox 582 2348 643 2379; x_wconf 89' lang='lat' dir='ltr'>ne</span> <span class='ocrx_word' id='word_1_226' title='bbox 668 2347 770 2379; x_wconf 91' lang='lat' dir='ltr'>non</span> <span class='ocrx_word' id='word_1_227' title='bbox 793 2332 868 2379; x_wconf 87' lang='lat' dir='ltr'>ille</span> <span class='ocrx_word' id='word_1_228' title='bbox 894 2332 1039 2389; x_wconf 89' lang='lat' dir='ltr'>solus,</span> <span class='ocrx_word' id='word_1_229' title='bbox 1063 2333 1113 2379; x_wconf 91' lang='lat' dir='ltr'>id</span> <span class='ocrx_word' id='word_1_230' title='bbox 1137 2332 1271 2395; x_wconf 93' lang='lat' dir='ltr'>quod</span> <span class='ocrx_word' id='word_1_231' title='bbox 1294 2332 1356 2378; x_wconf 92' lang='lat' dir='ltr'>ad</span> <span class='ocrx_word' id='word_1_232' title='bbox 1380 2347 1459 2379; x_wconf 89' lang='lat' dir='ltr'>me</span> <span class='ocrx_word' id='word_1_233' title='bbox 1491 2331 1606 2378; x_wconf 92' lang='lat' dir='ltr'>nihil</span> <span class='ocrx_word' id='word_1_234' title='bbox 1631 2332 1811 2389; x_wconf 88' lang='lat' dir='ltr'>attinet,</span> 
     </span>
     <span class='ocr_line' id='line_1_28' title="bbox 242 2413 1812 2477; baseline 0.002 -19"><span class='ocrx_word' id='word_1_235' title='bbox 242 2413 328 2459; x_wconf 91' lang='lat' dir='ltr'>sed</span> <span class='ocrx_word' id='word_1_236' title='bbox 351 2413 428 2459; x_wconf 93' lang='lat' dir='ltr'>alii</span> <span class='ocrx_word' id='word_1_237' title='bbox 453 2429 646 2477; x_wconf 89' lang='lat' dir='ltr'>quoque</span> <span class='ocrx_word' id='word_1_238' title='bbox 671 2414 830 2476; x_wconf 90' lang='lat' dir='ltr'>plures</span> <span class='ocrx_word' id='word_1_239' title='bbox 855 2414 1011 2462; x_wconf 87' lang='lat' dir='ltr'>laesos</span> <span class='ocrx_word' id='word_1_240' title='bbox 1037 2430 1087 2462; x_wconf 89' lang='lat' dir='ltr'>se</span> <span class='ocrx_word' id='word_1_241' title='bbox 1114 2429 1218 2461; x_wconf 90' lang='lat' dir='ltr'>esse</span> <span class='ocrx_word' id='word_1_242' title='bbox 1247 2422 1429 2476; x_wconf 89' lang='lat' dir='ltr'>putent.</span> <span class='ocrx_word' id='word_1_243' title='bbox 1501 2414 1718 2461; x_wconf 89' lang='lat' dir='ltr'>Tametsi</span> <span class='ocrx_word' id='word_1_244' title='bbox 1748 2414 1812 2461; x_wconf 87' lang='lat' dir='ltr'>ita</span> 
     </span>
     <span class='ocr_line' id='line_1_29' title="bbox 242 2495 1809 2553; baseline 0 -11"><span class='ocrx_word' id='word_1_245' title='bbox 242 2509 296 2543; x_wconf 86' lang='lat' dir='ltr'>se</span> <span class='ocrx_word' id='word_1_246' title='bbox 335 2510 411 2542; x_wconf 89' lang='lat' dir='ltr'>res</span> <span class='ocrx_word' id='word_1_247' title='bbox 450 2495 609 2553; x_wconf 89' lang='lat' dir='ltr'>habet,</span> <span class='ocrx_word' id='word_1_248' title='bbox 649 2504 701 2543; x_wconf 91' lang='lat' dir='ltr'>ut</span> <span class='ocrx_word' id='word_1_249' title='bbox 737 2496 854 2543; x_wconf 91' lang='lat' dir='ltr'>mihi</span> <span class='ocrx_word' id='word_1_250' title='bbox 892 2497 941 2543; x_wconf 91' lang='lat' dir='ltr'>in</span> <span class='ocrx_word' id='word_1_251' title='bbox 984 2511 1291 2544; x_wconf 90' lang='lat' dir='ltr'>communem</span> <span class='ocrx_word' id='word_1_252' title='bbox 1334 2511 1528 2543; x_wconf 86' lang='lat' dir='ltr'>causam</span> <span class='ocrx_word' id='word_1_253' title='bbox 1568 2504 1809 2543; x_wconf 89' lang='lat' dir='ltr'>sectorum</span> 
     </span>
     <span class='ocr_line' id='line_1_30' title="bbox 243 2577 1811 2641; baseline 0.002 -18"><span class='ocrx_word' id='word_1_254' title='bbox 243 2577 502 2624; x_wconf 89' lang='lat' dir='ltr'>dicendum</span> <span class='ocrx_word' id='word_1_255' title='bbox 539 2578 656 2624; x_wconf 88' lang='lat' dir='ltr'>nihil</span> <span class='ocrx_word' id='word_1_256' title='bbox 688 2593 868 2640; x_wconf 90' lang='lat' dir='ltr'>magno</span> <span class='ocrx_word' id='word_1_257' title='bbox 901 2594 1046 2641; x_wconf 89' lang='lat' dir='ltr'>opere</span> <span class='ocrx_word' id='word_1_258' title='bbox 1071 2578 1314 2637; x_wconf 84' lang='lat' dir='ltr'>videatur;</span> <span class='ocrx_word' id='word_1_259' title='bbox 1350 2577 1468 2625; x_wconf 89' lang='lat' dir='ltr'>haec</span> <span class='ocrx_word' id='word_1_260' title='bbox 1496 2579 1626 2624; x_wconf 89' lang='lat' dir='ltr'>enim</span> <span class='ocrx_word' id='word_1_261' title='bbox 1667 2594 1811 2626; x_wconf 89' lang='lat' dir='ltr'>causa</span> 
     </span>
    </p>

    <p class='ocr_par' dir='ltr' id='par_1_8' title="bbox 138 2659 1814 2804">
     <span class='ocr_line' id='line_1_31' title="bbox 138 2659 1814 2722; baseline -0.001 -14"><span class='ocrx_word' id='word_1_262' title='bbox 138 2670 221 2709; x_wconf 75' lang='lat'>,125</span> <span class='ocrx_word' id='word_1_263' title='bbox 244 2673 371 2705; x_wconf 89' lang='lat' dir='ltr'>nova</span> <span class='ocrx_word' id='word_1_264' title='bbox 412 2659 626 2722; x_wconf 90' lang='lat' dir='ltr'>profecto</span> <span class='ocrx_word' id='word_1_265' title='bbox 673 2668 719 2708; x_wconf 87' lang='lat' dir='ltr'>et</span> <span class='ocrx_word' id='word_1_266' title='bbox 768 2661 1019 2722; x_wconf 89' lang='lat' dir='ltr'>singularis</span> <span class='ocrx_word' id='word_1_267' title='bbox 1062 2669 1158 2707; x_wconf 88' lang='lat' dir='ltr'>est:</span> <span class='ocrx_word' id='word_1_268' title='bbox 1211 2660 1455 2707; x_wconf 85' lang='lat' dir='ltr'>bonorum</span> <span class='ocrx_word' id='word_1_269' title='bbox 1495 2659 1604 2708; x_wconf 86' lang='lat' dir='ltr'>Sex.</span> <span class='ocrx_word' id='word_1_270' title='bbox 1648 2659 1814 2707; x_wconf 91' lang='lat' dir='ltr'>Roscii</span> 
     </span>
     <span class='ocr_line' id='line_1_32' title="bbox 245 2740 1814 2804; baseline -0.001 -14"><span class='ocrx_word' id='word_1_271' title='bbox 245 2749 434 2802; x_wconf 82' lang='lat' dir='ltr'>emptor</span> <span class='ocrx_word' id='word_1_272' title='bbox 469 2750 540 2787; x_wconf 89' lang='lat' dir='ltr'>est</span> <span class='ocrx_word' id='word_1_273' title='bbox 572 2740 934 2804; x_wconf 90' lang='lat' dir='ltr'>Chrysogonus.</span> <span class='ocrx_word' id='word_1_274' title='bbox 1005 2742 1218 2789; x_wconf 84' lang='lat' dir='ltr'>Primum</span> <span class='ocrx_word' id='word_1_275' title='bbox 1256 2741 1348 2789; x_wconf 90' lang='lat' dir='ltr'>hoc</span> <span class='ocrx_word' id='word_1_276' title='bbox 1382 2741 1659 2789; x_wconf 84' lang='lat' dir='ltr'>videamus:</span> <span class='ocrx_word' id='word_1_277' title='bbox 1711 2742 1814 2788; x_wconf 85' lang='lat' dir='ltr'>eius</span> 
     </span>
    </p>
   </div>
   <div class='ocr_carea' id='block_1_7' title="bbox 244 2821 1811 2888">
    <p class='ocr_par' dir='ltr' id='par_1_9' title="bbox 244 2821 1811 2888">
     <span class='ocr_line' id='line_1_33' title="bbox 244 2821 1811 2888; baseline 0.001 -18"><span class='ocrx_word' id='word_1_278' title='bbox 244 2821 455 2870; x_wconf 90' lang='lat' dir='ltr'>hominis</span> <span class='ocrx_word' id='word_1_279' title='bbox 479 2823 609 2870; x_wconf 87' lang='lat' dir='ltr'>bona</span> <span class='ocrx_word' id='word_1_280' title='bbox 632 2839 728 2886; x_wconf 91' lang='lat' dir='ltr'>qua</span> <span class='ocrx_word' id='word_1_281' title='bbox 751 2824 933 2871; x_wconf 89' lang='lat' dir='ltr'>ratione</span> <span class='ocrx_word' id='word_1_282' title='bbox 958 2824 1207 2872; x_wconf 88' lang='lat' dir='ltr'>venierunt</span> <span class='ocrx_word' id='word_1_283' title='bbox 1243 2832 1327 2871; x_wconf 89' lang='lat' dir='ltr'>aut</span> <span class='ocrx_word' id='word_1_284' title='bbox 1349 2838 1447 2888; x_wconf 91' lang='lat' dir='ltr'>quo</span> <span class='ocrx_word' id='word_1_285' title='bbox 1475 2824 1624 2872; x_wconf 88' lang='lat' dir='ltr'>modo</span> <span class='ocrx_word' id='word_1_286' title='bbox 1649 2825 1811 2872; x_wconf 88' lang='lat' dir='ltr'>venire</span> 
     </span>
    </p>
   </div>
  </div>
 </body>
</html>
