2060 3086
523 430 608 489 M.
659 429 978 489 TULLII
1040 428 1540 488 CICERONIS

279 612 477 678 PRo
550 612 781 679 SEX.
851 610 1223 678 Roscro
1290 590 1789 677 AMERINo

825 752 1228 818 ORATIO.

942 938 1111 958 -—-§0-—-

243 1071 320 1109 Lct
339 1083 400 1109 me
419 1069 588 1122 explain
616 1075 655 1108 to
671 1083 773 1120 you,
783 1069 947 1121 judgcs,
967 1070 1061 1119 why
1082 1070 1114 1108 J
1135 1070 1237 1108 have
1263 1082 1368 1109 come
1381 1069 1583 1122 somwrcl
1603 1074 1641 1108 to
1669 1069 1818 1108 under-

354 1139 443 1177 take
461 1139 545 1176 clzz's
562 1151 661 1177 case.
717 1139 748 1177 I
767 1139 871 1177 lcave
890 1138 981 1176 been
1008 1138 1161 1187 chosen,
1183 1143 1254 1177 not
1274 1151 1326 1176 on
1346 1143 1516 1176 account
1533 1137 1583 1189 of
1593 1151 1661 1188 my
1682 1138 1816 1185 merit,

353 1206 425 1244 but
446 1219 497 1245 on
523 1212 692 1244 account
716 1206 767 1256 of
780 1219 848 1256 my
871 1205 1192 1257 z‘nszgnz‘ficance,
1213 1219 1259 1244 as
1278 1205 1402 1256 being
1423 1205 1504 1243 best
1528 1206 1615 1245 able
1637 1212 1675 1245 to
1698 1205 1818 1258 spe-ak

338 1273 489 1326 frecht.

199 1386 220 1422 1
316 1369 370 1413 l·
409 1371 578 1418 CREno
615 1386 709 1432 ego
740 1386 838 1429 vos,
870 1371 1061 1428 iudices,
1096 1363 1256 1417 mirari
1285 1371 1400 1433 quid
1436 1371 1492 1418 sit
1528 1371 1672 1434 quod,
1707 1386 1817 1418 eum
1841 1377 1986 1440 Exor-

245 1461 316 1499 tot
354 1452 530 1498 summi
555 1461 765 1499 oratores
802 1451 1122 1514 hominesque
1159 1453 1440 1500 nobilissimi
1477 1454 1691 1511 sedeant,
1726 1469 1818 1515 ego
1841 1432 1971 1531 (ἔξω

244 1534 548 1596 potissimum
588 1533 887 1591 surrexerim,
924 1533 1005 1596 qui
1042 1548 1199 1596 neque
1234 1542 1388 1581 aetate
1430 1550 1585 1598 neque
1623 1535 1818 1595 ingenio

245 1630 402 1678 neque
427 1615 707 1662 auctoritate
727 1615 819 1661 sim
844 1630 956 1661 curn
981 1613 1068 1672 his,
1092 1615 1174 1678 qui
1199 1615 1410 1674 sedeant,
1436 1616 1816 1678 comparandus:

246 1712 416 1745 omnes
440 1696 503 1755 hi,
528 1711 649 1759 quos
680 1696 848 1743 videtis
877 1695 1061 1754 adesse,
1086 1697 1135 1743 in
1160 1696 1250 1743 hac
1274 1712 1419 1744 causa
1443 1698 1664 1745 iniuriam
1688 1712 1818 1744 novo

246 1778 422 1826 scelere
451 1777 712 1825 conflatam
747 1785 919 1840 putant
948 1786 1168 1839 oportere
1200 1778 1404 1837 defendi,
1437 1778 1692 1827 defendere
1725 1779 1818 1842 ipsi

245 1868 441 1922 propter
490 1859 788 1922 iniquitatem
824 1867 1098 1921 temporum
1146 1871 1245 1907 non
1293 1860 1497 1919 audent;
1557 1861 1621 1908 ita
1667 1860 1719 1908 fit
1765 1870 1818 1910 ut

247 1942 403 1989 adsint
438 1949 705 2004 propterea,
733 1941 865 2004 quod
890 1941 1100 1988 officium
1138 1950 1417 2004 sequuntur,
1442 1950 1632 1990 taceant
1657 1950 1814 1990 autem

247 2024 436 2082 idcirco,
458 2023 572 2085 quia
595 2023 859 2085 periculum
879 2023 1038 2070 vitant.
1100 2022 1233 2081 Quid
1256 2039 1372 2085 ergo
1391 2026 1408 2071 ?
1450 2024 1816 2072 Audacissimus

247 2121 340 2167 ego
377 2120 437 2153 ex
475 2105 730 2153 omnibus?
791 2105 1010 2153 Minime.
1097 2105 1163 2152 At
1203 2113 1337 2153 tanto
1379 2106 1635 2154 officiosior
1671 2122 1817 2170 quam

246 2187 424 2235 ceteri?
461 2203 522 2235 ne
561 2188 694 2234 istius
731 2187 926 2250 quidem
962 2187 1114 2235 laudis
1151 2188 1216 2235 ita
1252 2188 1342 2235 sim
1377 2189 1592 2250 cupidus,
1628 2196 1679 2235 ut
1714 2189 1817 2238 aliis

246 2285 355 2317 eam
382 2278 683 2332 praereptam
708 2270 860 2317 velim.
934 2269 1074 2328 Quae
1106 2285 1184 2317 me
1218 2271 1361 2332 igitur
1385 2286 1459 2317 res
1482 2279 1669 2332 praeter
1693 2279 1816 2318 cete-

246 2366 328 2399 ros
362 2352 563 2414 impulit,
590 2363 642 2399 ut
677 2368 872 2399 eausam
913 2352 1022 2399 Sex.
1049 2351 1215 2400 Roscii
1252 2353 1544 2414 reciperem?
1608 2352 1751 2414 Quia,
1778 2354 1817 2403 si

247 2433 354 2495 quis
378 2433 549 2480 horum
574 2434 781 2492 dixisset,
807 2450 931 2497 quos
955 2434 1121 2482 videtis
1146 2433 1329 2492 adesse,
1355 2434 1404 2481 in
1429 2435 1603 2497 quibus
1629 2450 1817 2482 summa

248 2516 506 2563 auctoritas
542 2525 614 2564 est
651 2525 793 2580 atque
831 2516 1109 2579 amplitudo,
1147 2516 1184 2562 si
1220 2517 1419 2563 verbum
1455 2516 1516 2563 de
1544 2531 1596 2563 re
1624 2516 1817 2578 publica

247 2596 449 2655 fecisset,
493 2598 540 2646 id
582 2599 712 2662 quod
753 2600 802 2646 in
843 2598 933 2646 hac
976 2614 1121 2646 causa
1159 2598 1259 2645 fieri
1299 2614 1494 2646 necesse
1536 2607 1621 2657 est,
1663 2599 1816 2646 multo

202 2693 226 2731 3
248 2679 385 2742 plura
408 2680 583 2728 dixisse
608 2697 754 2744 quam
780 2681 975 2728 dixisset
999 2689 1269 2743 putaretur:
1308 2696 1402 2742 ego
1426 2681 1612 2728 etiamsi
1636 2681 1814 2740 omnia,

251 2775 374 2823 quae
398 2761 600 2810 dicenda
624 2771 746 2822 sunt,
781 2763 926 2810 libere
956 2762 1134 2821 dixero,
1160 2777 1465 2825 nequaquam
1494 2771 1657 2810 tamen
1686 2763 1816 2821 simi-

247 2841 352 2889 liter
387 2843 538 2891 oratio
573 2858 683 2891 mea
718 2844 845 2892 exire
882 2853 1025 2908 atque
1066 2844 1116 2891 in
1153 2844 1321 2907 volgus
1357 2860 1583 2892 emanare
1618 2846 1788 2907 poterit
1799 2861 1815 2905 >⁰

1016 2943 1042 2976 C

1917 1461 2033 1533 ι-ὶ4.

199 2039 222 2076 Ν)
