2132 3094
557 171 674 211 PRO
713 169 848 210 SEX.
888 170 1121 212 ROSCIO.
1196 159 1254 228 ξξ
1295 158 1488 227 86-89.
1743 158 1812 226 65

244 301 376 349 Num
409 303 683 364 quaerenda
707 319 864 360 causa,
892 318 1012 365 quae
1037 310 1082 350 te
1107 302 1170 349 ad
1194 309 1382 349 tantum
1413 301 1598 350 facinus
1629 301 1819 349 addux-

240 384 359 432 erit?
419 384 550 442 Quid
574 400 691 445 ergo
716 384 888 432 horum
912 384 1078 446 negari
1097 385 1285 446 potest?
1341 383 1576 430 Tenuitas
1600 382 1811 430 hominis

240 466 343 512 eius
379 465 511 512 modi
547 473 632 523 est,
658 477 709 512 ut
745 465 1029 513 dissimulari
1065 480 1166 512 non
1198 472 1354 527 queat,
1382 473 1523 526 atque
1560 479 1619 511 eo
1655 464 1811 526 magis

167 552 218 594 87
241 546 407 604 elucet,
456 562 554 608 quo
602 548 757 609 magis
803 548 1095 606 occultatur;
1156 546 1401 593 avaritiam
1458 545 1682 608 praefers,
1731 547 1812 608 qui

242 628 519 675 societatem
555 630 723 677 coieris
752 630 812 677 de
847 629 1101 691 municipis
1134 627 1422 690 cognatique
1460 626 1663 674 fortunis
1700 643 1810 674 cum

241 709 533 758 alienissimo
551 728 564 770 ;
624 727 770 774 quam
815 712 879 760 sis
925 711 1096 769 audax,
1146 719 1199 758 ut
1246 709 1338 757 alia
1385 709 1650 766 obliviscar,
1699 708 1812 757 hinc.

241 805 411 838 omnes
447 792 718 855 intellegere
753 801 1022 856 potuerunt,
1052 792 1184 855 quod
1219 807 1279 839 ex
1316 799 1416 839 tota
1452 790 1694 848 societate,
1720 789 1811 837 hoe

241 879 326 930 est,
350 889 412 919 ex
435 882 504 920 tot
537 874 729 932 sicariis,
755 875 883 922 solus
918 883 971 921 tu
1003 876 1220 921 inventus
1257 889 1323 931 es,
1348 872 1432 936 qui
1469 887 1581 919 cum
1616 887 1810 919 accusa—

241 955 419 1005 toribus
445 955 630 1003 sederes
662 964 804 1018 atque
836 971 892 1003 os
924 964 1058 1003 tuum
1088 970 1188 1002 non
1225 955 1374 1002 modo
1410 954 1702 1010 ostenderes,
1728 953 1811 1000 sed

240 1036 386 1082 etiam
421 1037 642 1096 offerres;
679 1038 949 1085 inimicitias
980 1037 1067 1084 tibi
1101 1035 1245 1084 fuisse
1278 1051 1388 1083 cum
1415 1035 1524 1083 Sex.
1551 1034 1733 1083 Roscio
1767 1042 1811 1082 et

242 1131 444 1178 magnas
467 1118 533 1165 rei
564 1118 805 1166 familiaris
837 1118 1183 1166 controversias
1219 1118 1458 1166 concedas
1494 1132 1690 1164 necesse
1723 1125 1806 1164 est.

166 1203 217 1242 88
243 1197 424 1256 Restat,
441 1199 634 1257 iudices,
650 1208 700 1246 ut
719 1199 811 1247 hoe
836 1200 1123 1258 dubitemus,
1139 1207 1244 1246 uter
1269 1199 1429 1261 potius
1446 1198 1556 1246 Sex.
1577 1198 1811 1246 Roscium

241 1279 493 1327 occiderit:
531 1282 584 1338 is,
611 1282 672 1328 ad
697 1297 844 1344 quem
876 1290 1029 1328 morte
1063 1281 1163 1328 eius
1200 1281 1387 1328 divitiae
1412 1281 1641 1338 venerint,
1668 1296 1731 1326 an
1756 1280 1808 1338 is,

241 1360 303 1407 ad
326 1376 472 1423 quem
496 1363 807 1422 mendicitas;
844 1363 899 1420 is,
924 1363 1005 1426 qui
1030 1371 1170 1410 antea
1193 1362 1350 1410 tenuis
1383 1361 1534 1419 fuerit,
1561 1378 1623 1408 an
1647 1362 1702 1421 is,
1729 1363 1809 1423 qui

238 1450 408 1504 postea
454 1443 604 1490 factus
651 1432 708 1491 sit
753 1444 1118 1506 egentissimus;
1170 1444 1223 1503 is,
1268 1444 1349 1506 qui
1396 1443 1570 1491 ardens
1616 1444 1810 1491 avaritia

239 1522 417 1571 feratur
456 1524 651 1573 infestus
686 1526 736 1572 in
772 1541 899 1584 suos,
928 1541 991 1573 an
1026 1526 1079 1584 is,
1112 1526 1195 1588 qui
1230 1541 1421 1588 semper
1455 1526 1519 1573 ita
1555 1526 1733 1583 vixerit,
1759 1534 1810 1572 ut

239 1613 493 1667 quaestum
517 1615 678 1654 nosset
702 1607 902 1665 nullum,
918 1607 1126 1654 fructum
1150 1616 1311 1654 autem
1335 1622 1448 1654 eum
1473 1607 1643 1665 solum,
1665 1622 1809 1670 quem

238 1685 404 1734 labore
428 1688 686 1749 peperisset
703 1704 716 1747 ς
752 1689 804 1746 is,
833 1689 913 1752 qui
937 1689 1156 1736 omnium
1190 1697 1429 1736 sectorum
1464 1688 1809 1735 audacissimus

238 1767 313 1826 sit,
340 1783 402 1814 an
426 1768 481 1826 is,
506 1769 587 1831 qui
610 1778 803 1832 propter
835 1770 926 1818 fori
956 1770 1338 1832 iudiciorumque
1372 1769 1677 1816 insolentiam
1709 1784 1809 1816 non

238 1849 387 1897 modo
428 1851 681 1908 subsellia‚-
705 1867 873 1898 verum
915 1852 1060 1899 etiam
1097 1852 1268 1899 urbem
1307 1850 1465 1913 ipsam
1500 1851 1805 1906 reformidet;

236 1939 497 1992 postremo,
522 1931 716 1990 iudices,
740 1932 789 1979 id
813 1932 946 1996 quod
973 1933 1035 1980 ad
1058 1949 1159 1980 rem
1190 1949 1298 1980 mea
1334 1933 1566 1980 sententia
1602 1932 1807 1980 maxime

236 2013 454 2075 pertinet,
480 2021 638 2060 utrum
661 2014 880 2062 inimicus
903 2015 1062 2077 potius
1083 2030 1148 2062 an
1171 2015 1312 2062 filius.
1330 2030 1342 2085 J

246 2212 385 2262 There,
406 2215 625 2255 Erucius!
667 2214 723 2267 JJ‘
729 2229 816 2267 you
845 2215 932 2255 had
954 2216 1043 2254 lead
1064 2229 1105 2255 so
1133 2229 1260 2267 many
1285 2222 1433 2269 strong
1451 2217 1594 2269 points
1628 2217 1676 2255 in
1694 2229 1809 2268 your

344 2296 444 2331 case,
466 2296 524 2322 we
557 2284 698 2323 would
726 2297 850 2323 never
876 2284 978 2323 bave
1010 2284 1141 2323 heard
1168 2285 1234 2324 the
1262 2285 1346 2324 end
1373 2284 1424 2336 of
1444 2285 1490 2324 it.
1548 2286 1635 2324 Not
1663 2285 1755 2323 that
1782 2285 1813 2322 l

343 2351 464 2390 could
478 2357 549 2390 not
566 2352 680 2390 make
698 2365 744 2390 as
764 2353 884 2391 much
903 2353 954 2404 (ff
962 2353 1070 2391 tlzem
1090 2366 1136 2391 as
1143 2367 1244 2404 you,
1265 2353 1312 2405 zf
1320 2354 1352 2392 I
1364 2367 1467 2392 were
1488 2352 1663 2393 minded.
1722 2354 1807 2392 For

343 2419 441 2457 suclz
469 2420 672 2459 emz‘nence
699 2434 745 2459 as
762 2433 849 2471 you
869 2427 1021 2472 possess
1049 2420 1085 2458 z‘s
1112 2421 1190 2459 due
1216 2421 1312 2471 only
1332 2426 1370 2459 to
1388 2421 1454 2459 the
1482 2420 1655 2459 murder
1672 2419 1724 2471 qs
1740 2421 1806 2459 the

343 2492 426 2524 rest
442 2486 492 2539 of
509 2488 574 2526 the
591 2501 782 2528 accusers.
847 2489 888 2526 T
881 2488 956 2539 lzey
960 2488 1048 2540 fell
1063 2488 1226 2527 victims
1253 2494 1291 2528 to
1312 2488 1378 2527 the
1406 2501 1502 2540 rage
1519 2488 1571 2540 qf
1587 2488 1806 2527 criminals

343 2568 459 2594 —we
481 2569 557 2594 can
587 2555 641 2594 z‘ll
663 2553 781 2607 spare
805 2556 914 2595 them
927 2568 941 2595 .·
972 2556 1044 2594 but
1066 2556 1132 2595 tlze
1148 2562 1426 2608 perpetrators
1452 2555 1504 2608 of
1522 2557 1588 2596 tlze
1613 2557 1695 2596 late
1718 2553 1808 2596 out-⁴

343 2636 458 2674 rages
474 2624 585 2662 slzall
585 2624 693 2676 find
705 2625 770 2662 all
784 2625 991 2663 mankind
1004 2630 1043 2664 to
1062 2637 1199 2663 accuse
1217 2625 1337 2664 them.
1801 2620 1815 2635 ’

161 2761 209 2797 89
304 2753 401 2797 32.
441 2750 579 2797 Haec
602 2761 665 2808 tu,
690 2751 850 2808 Eruci,
877 2758 945 2798 tot
969 2760 1015 2798 et
1041 2759 1171 2798 tanta
1204 2752 1242 2798 si
1278 2760 1445 2799 nactus
1469 2767 1600 2798 esses
1625 2752 1675 2797 in
1707 2766 1801 2806 reo,

235 2847 382 2894 quam
401 2832 482 2878 diu
502 2832 713 2879 diceres!
770 2831 883 2890 Quo
908 2841 953 2879 te
978 2833 1126 2880 modo
1154 2833 1383 2880 iactares!
1437 2832 1670 2895 Tempus,
1697 2831 1801 2880 her-

1005 2930 1035 2962 E
