2132 3094
557 173 674 214 PRO
711 173 846 213 SEX.
885 172 1116 214 Roscso.
1195 159 1258 229 ἕξ
1301 159 1499 223 82—84.
1749 160 1815 229 63

248 353 291 392 It
310 345 451 392 would
473 351 516 391 be
544 351 697 392 tea'z'ous
724 357 763 390 to
790 351 914 390 dwell
924 349 1105 402 further
1131 362 1181 388 on
1202 362 1227 387 a
1246 362 1330 388 case
1357 361 1397 387 so
1415 348 1554 401 plain.
1611 349 1645 388 I
1656 355 1820 402 suppose

354 421 542 460 Erucius
560 420 647 459 does
666 425 737 459 not
754 425 888 471 expect
905 431 966 458 me
985 423 1024 458 to
1043 423 1144 457 meet
1161 418 1228 456 his
1253 418 1479 456 irrelevant
1497 418 1681 456 remarks
1701 418 1821 457 about

355 488 667 528 embezzlement.

173 605 223 644 82
316 598 500 645 Vereor
541 613 601 644 ne
649 606 728 645 aut
775 597 1008 645 molestus
1058 596 1149 644 sim
1195 596 1344 654 vobis,
1387 596 1580 654 iudices,
1630 605 1710 643 aut
1758 611 1818 643 ne

247 679 447 741 ingeniis
470 678 638 726 vestris
663 678 823 726 videar
857 677 1085 736 diffidere,
1111 678 1150 725 si
1173 678 1233 725 de
1257 685 1356 724 tam
1390 677 1651 740 perspicuis
1677 679 1817 725 rebus

247 761 420 808 diutius
450 760 694 807 disseram.
765 759 927 807 Erucii
964 759 1234 807 criminatio
1268 767 1382 817 tota,
1408 768 1460 806 ut
1484 759 1698 817 arbitror,
1725 759 1816 806 dis—

249 842 401 890 soluta
435 849 532 900 est;
572 842 661 889 nisi
698 841 816 889 forte
851 841 1140 904 exspectatis
1176 848 1227 887 ut
1262 841 1342 888 illa
1376 841 1569 900 diluam,
1598 857 1721 904 quae
1757 841 1817 887 de

248 923 468 986 peculatu
506 938 562 970 ac
602 922 663 970 de
702 923 803 970 eius
844 923 977 970 modi
1024 924 1166 969 rebus
1215 923 1561 970 commenticiis
1606 923 1818 971 inaudita

250 1005 390 1053 nobis
423 1013 533 1051 ante
572 1003 666 1052 hoc
702 1012 891 1066 tempus
928 1020 982 1051 ac
1017 1019 1143 1050 nova
1181 1004 1380 1062 obiecit3
1417 1020 1540 1066 quae
1576 1004 1692 1051 mihi
1727 1005 1817 1052 iste

249 1086 374 1132 visus
398 1093 468 1132 est
492 1101 552 1132 ex
577 1085 669 1132 alia
705 1085 920 1133 oratione
957 1084 1241 1142 declamare,
1269 1100 1416 1146 quam
1439 1086 1487 1132 in
1512 1086 1658 1132 alium
1682 1101 1818 1133 reum

251 1174 652 1214 commentaretur
670 1182 683 1225 3
721 1167 785 1213 ita
820 1181 975 1227 neque
1002 1165 1063 1212 ad
1087 1166 1268 1212 crimen
1304 1167 1540 1228 parricidii
1575 1183 1731 1230 neque
1756 1167 1819 1214 ad

252 1262 375 1306 eum,
402 1248 484 1310 qui
520 1263 715 1295 causam
750 1247 874 1303 dicit,
912 1247 1241 1310 pertinebant:
1282 1248 1341 1295 de
1378 1249 1552 1310 quibus
1589 1249 1818 1311 quoniam

250 1330 397 1377 verbo
422 1329 591 1391 arguit,
616 1330 765 1377 verbo
789 1329 903 1375 satis
932 1336 1003 1375 est
1028 1343 1220 1390 negare.
1292 1328 1340 1375 Si
1365 1329 1480 1390 quid
1503 1339 1574 1376 est
1599 1329 1731 1392 quod
1756 1329 1818 1377 ad

250 1411 383 1458 testis
406 1419 623 1469 reservet,
648 1411 714 1458 ibi
743 1426 938 1474 quoque
963 1426 1066 1469 nos,
1092 1418 1144 1458 ut
1169 1410 1219 1457 in
1242 1411 1347 1473 ipsa
1373 1426 1532 1469 causa,
1558 1412 1817 1473 paratiores

253 1494 458 1557 reperiet
481 1508 628 1556 quam
652 1494 863 1556 putabat.

251 1670 381 1710 Muclz
399 1683 445 1710 as
463 1671 495 1709 I
508 1670 654 1710 dislz'ke
681 1671 882 1722 accusing,
905 1684 974 1722 my
992 1672 1093 1722 duty
1113 1672 1159 1710 in
1180 1659 1271 1710 thz's'
1292 1671 1475 1710 instance
1501 1672 1608 1711 leads
1634 1686 1695 1712 me
1713 1678 1752 1712 to
1772 1674 1817 1712 it.

349 1740 440 1778 But
458 1740 491 1778 I
503 1739 599 1778 will
606 1751 660 1791 go
679 1752 731 1778 no
735 1739 919 1791 further
936 1740 1039 1778 than
1043 1740 1212 1792 fidelity
1231 1746 1270 1779 to
1288 1753 1356 1791 my
1373 1741 1497 1779 client
1514 1741 1719 1779 demands.

175 1861 228 1902 83
321 1857 418 1901 30.
453 1851 613 1899 Venio
649 1867 778 1900 nunc
810 1868 883 1911 eo,
910 1868 1007 1915 quo
1043 1869 1121 1900 me
1158 1869 1258 1900 non
1294 1854 1529 1915 cupiditas
1566 1854 1707 1911 ducit,
1734 1854 1818 1901 sed
1841 1855 1898 1896 II·
1928 1857 2017 1896 The

251 1932 400 1992 fides;
460 1948 575 1980 nam
622 1934 662 1980 si
709 1933 825 1980 mihi
877 1935 1044 1981 liberet
1091 1950 1328 1993 accusare,
1378 1950 1654 1982 accusarem
1701 1936 1818 1983 alios
1839 1918 2019 2018 ἓὲἒξὲῗ

0 2037 2 2072 ᾗ
252 2015 424 2078 potius,
451 2030 510 2062 ex
536 2015 710 2077 quibus
735 2030 931 2077 possem
957 2031 1165 2063 crescere
1185 2032 1197 2075 ;
1236 2016 1366 2078 quod
1402 2025 1584 2062 certum
1615 2025 1686 2064 est
1718 2033 1817 2065 non
1839 2020 1997 2082 against
2015 2019 2084 2060 the

251 2096 420 2154 facere,
448 2097 565 2143 dum
589 2097 819 2143 utrumvis
843 2097 1031 2145 licebit:
1068 2099 1107 2144 is
1131 2098 1259 2144 enim
1283 2098 1398 2143 mihi
1417 2097 1599 2144 videtur
1622 2099 1817 2160 amplis·
1839 2073 2063 2177 {Jffssgffi

253 2178 414 2236 simus,
441 2179 521 2240 qui
547 2193 632 2226 sua
655 2179 823 2226 virtute
857 2180 906 2226 in
933 2180 1151 2227 altiorem
1174 2180 1335 2227 locum
1360 2180 1585 2242 pervenit,
1612 2195 1710 2227 non
1734 2181 1818 2243 qui
1839 2197 2012 2234 Confir-

252 2259 465 2308 ascendit
490 2275 575 2322 per
598 2260 787 2308 alterius
813 2260 1178 2308 incommodum
1203 2270 1249 2309 et
1274 2261 1607 2308 calamitatem.
1676 2261 1816 2309 Desi-
1840 2253 2015 2352 Ῑξξὸἓῑῗῐ
2053 2317 2072 2343 2

251 2355 425 2388 namus
450 2342 709 2404 aliquando
734 2358 791 2389 ea
815 2344 1020 2401 scrutari,
1041 2359 1162 2406 quae
1179 2351 1289 2390 sunt
1313 2343 1497 2390 inania:
1532 2358 1819 2406 quaeramus
1943 2316 1965 2354 3
2022 2318 2049 2355 4
2078 2336 2086 2344 ’

253 2422 318 2469 ibi
336 2423 639 2482 maleficium,
658 2425 740 2471 ubi
764 2433 810 2471 et
834 2432 905 2472 est
927 2434 974 2472 et
997 2425 1197 2472 inveniri
1219 2433 1390 2486 potest.
1427 2424 1532 2471 Iam
1557 2425 1817 2487 intelleges,

252 2503 412 2562 Eruci,
438 2515 618 2553 certum
642 2507 822 2554 crimen
846 2522 990 2570 quam
1023 2507 1181 2554 multis
1214 2506 1553 2568 suspitionibus
1585 2521 1817 2569 coargua-
1842 2565 1846 2568 γ
1891 2528 1897 2536 ·

253 2594 340 2644 tur,
365 2587 551 2635 tametsi
575 2603 729 2651 neque
762 2589 926 2635 omnia
961 2589 1118 2636 dicam
1151 2596 1196 2635 et
1224 2588 1385 2635 leviter
1418 2602 1569 2634 unum
1605 2588 1818 2650 quidque

253 2675 463 2729 tangam.
533 2668 705 2731 Neque
730 2671 858 2717 enim
882 2670 929 2716 id
953 2669 1174 2726 facerem,
1196 2669 1287 2715 nisi
1311 2684 1508 2717 necesse
1534 2678 1671 2727 esset,
1697 2677 1744 2717 et
1767 2669 1816 2716 id

250 2749 337 2796 erit
363 2750 485 2811 signi
510 2766 588 2797 me
612 2751 811 2798 invitum
837 2751 1004 2810 facere,
1032 2750 1163 2814 quod
1187 2766 1288 2798 non
1323 2766 1578 2813 persequar
1607 2751 1813 2813 longius,
1836 2793 2085 2830 Probabile

177 2837 228 2878 84
252 2845 397 2894 quam
445 2831 570 2879 salus
608 2832 750 2881 huius
788 2842 835 2881 et
873 2849 982 2881 mea
1019 2833 1139 2880 fides
1176 2833 1446 2896 postulabit.
1516 2832 1727 2881 Causam
1764 2841 1814 2881 tu
1836 2858 1893 2885 ex
1911 2858 2058 2886 causa.
