2132 3094
530 185 646 225 PRO
685 184 816 227 SEX.
856 185 1089 226 ROSCIO.
1168 175 1232 243 ᾧῷ
1266 175 1526 244 138-141.
1746 179 1811 242 85

242 319 315 366 Ac
338 317 436 364 iam
459 315 576 364 nihil
606 324 676 364 est
711 317 845 380 quod
868 317 1126 381 quisquam
1154 327 1237 366 aut
1266 327 1366 366 tam
1399 318 1569 367 stultus
1604 327 1686 367 aut
1716 328 1815 368 tam

241 401 488 463 improbus
517 399 578 446 sit
605 400 686 463 qui
717 399 845 447 dicat
878 400 1075 448 ‘vellem
1107 400 1303 463 quidem
1327 401 1516 449 liceret:
1550 402 1644 449 hoc
1671 403 1815 449 dixis-

243 483 375 531 sem.'
443 481 591 529 Dicas
624 482 749 530 licet.
820 483 962 531 ‘Hoc
986 481 1230 531 fecissem!
1302 484 1472 532 Facias
1495 485 1632 531 licet:
1670 500 1815 532 nemo

243 564 480 626 prohibet.
570 568 581 590 ‘
598 564 712 612 Hoc
754 563 1098 613 decrevissem.'
1182 564 1416 624 Decerne,
1460 566 1609 613 modo
1656 574 1781 612 recte
1804 583 1813 612 :

243 661 414 693 omnes
429 646 778 709 approbabunt.
852 649 863 669 ‘
884 646 998 694 Hoc
1022 646 1341 694 iudicassem.'
1402 646 1692 694 Laudabunt
1710 662 1815 693 om-

146 744 219 781 139
244 743 343 785 nes,
371 728 408 775 si
434 736 561 776 recte
586 737 632 776 et
655 728 826 775 ordine
844 728 1079 776 iudicaris.
1139 728 1273 776 Dum
1297 745 1493 776 necesse
1518 738 1619 776 erat
1644 744 1818 790 resque

243 812 347 873 ipsa
383 812 604 873 cogebat,
627 826 753 858 unus
776 811 941 858 omnia
976 819 1195 873 poterat:
1235 812 1318 874 qui
1349 819 1519 874 postea
1544 819 1691 874 quam
1714 826 1816 858 ma-

244 893 468 955 gistratus
494 893 667 940 creavit
692 892 920 955 legesque
956 893 1212 951 constituit,
1240 908 1325 940 sua
1348 894 1521 955 cuique
1545 893 1817 955 procuratio

245 975 599 1036 auctoritasque
623 982 693 1021 est
715 974 954 1032 restituta;
991 990 1139 1037 quam
1164 975 1203 1022 si
1229 976 1434 1022 retinere
1459 975 1626 1022 volunt
1650 975 1709 1032 ei,
1735 975 1821 1036 qui

246 1058 583 1119 reciperarunt,
627 1056 676 1102 in
725 1063 1008 1118 perpetuum
1055 1064 1277 1119 poterunt
1317 1058 1562 1116 obtinere;
1618 1057 1691 1103 sin
1734 1056 1820 1103 has

247 1139 406 1186 caedis
429 1146 475 1185 et
498 1138 691 1200 rapinas
727 1146 773 1185 et
808 1138 899 1186 hos
934 1146 1095 1186 tantos
1125 1147 1321 1200 tamque
1350 1138 1575 1201 profusos
1601 1146 1820 1200 sumptus

247 1228 328 1267 aut
351 1220 527 1268 facient
550 1228 631 1266 aut
656 1221 1006 1282 approbabunt,
1028 1221 1143 1268 nolo
1168 1221 1216 1266 in
1240 1236 1325 1268 eos
1348 1221 1538 1283 gravius
1563 1221 1821 1283 quicquam

246 1319 307 1350 ne
337 1302 514 1350 ominis
554 1301 749 1364 quidem
784 1317 931 1349 causa
968 1302 1139 1360 dicere,
1177 1318 1328 1348 unum
1357 1302 1451 1350 hoc
1491 1302 1630 1350 dico:
1674 1303 1822 1349 nostri

246 1385 319 1432 isti
344 1384 545 1442 nobiles,
571 1383 662 1430 nisi
688 1383 939 1444 vigilantes
964 1392 1011 1431 et
1034 1384 1151 1430 boni
1175 1391 1223 1430 et
1244 1383 1391 1431 fortes
1416 1392 1463 1431 et
1486 1382 1821 1431 misericordes

247 1474 397 1525 erunt,
440 1465 508 1513 eis
546 1464 838 1521 hominibus,
878 1465 929 1511 in
972 1466 1146 1528 quibus
1184 1465 1304 1513 haec
1346 1474 1498 1524 erunt,
1538 1474 1822 1512 ornamenta

147 1555 223 1592 140
246 1563 332 1595 sua
347 1547 616 1595 concedant
634 1562 833 1595 necesse
851 1555 937 1596 est.
988 1547 1298 1610 Quapropter
1316 1547 1536 1595 desinant
1560 1547 1822 1610 aliquando

246 1630 401 1678 dicere
437 1629 561 1677 male
598 1629 808 1692 aliquem
842 1629 1056 1677 locutum
1090 1645 1210 1686 esse,
1249 1629 1288 1676 si
1321 1630 1404 1692 qui
1440 1645 1547 1676 vere
1586 1644 1642 1676 ae
1675 1629 1822 1675 libere

245 1713 431 1760 locutus
468 1712 540 1769 sit,
566 1711 788 1759 desinant
812 1726 951 1759 suam
976 1727 1175 1759 causam
1200 1727 1312 1759 cum
1344 1711 1662 1775 Chrysogono
1689 1726 1821 1758 com-

247 1794 505 1853 municare,
524 1793 757 1851 desinant,
783 1793 823 1840 si
840 1793 918 1840 ille
937 1793 1093 1840 laesus
1113 1793 1183 1850 sit,
1211 1793 1270 1840 de
1290 1809 1341 1841 se
1362 1792 1540 1855 aliquid
1556 1793 1823 1840 detractum

247 1876 478 1934 arbitrari,
503 1875 696 1922 videant
731 1890 794 1921 ne
825 1882 963 1937 turpe
986 1876 1313 1937 miserumque
1338 1875 1396 1922 sit
1420 1890 1518 1934 eos,
1547 1875 1628 1937 qui
1653 1889 1822 1936 eques-

246 1966 369 2004 trem
416 1956 722 2019 splendorem
770 1956 871 2019 pati
917 1972 1018 2004 non
1064 1964 1334 2018 potuerunt,
1385 1956 1505 2004 servi
1544 1955 1823 2017 nequissimi

250 2038 632 2087 dominationem
666 2038 790 2085 ferre
826 2053 998 2100 posse3
1042 2054 1166 2100 quae
1202 2039 1399 2101 quidem
1438 2038 1714 2095 dominatio,
1753 2038 1822 2083 iu-

249 2124 390 2179 dices,
428 2122 479 2168 in
521 2120 626 2167 aliis
663 2122 808 2168 rebus
850 2129 992 2168 antea
1032 2122 1320 2179 versabatur,
1360 2136 1488 2167 nunc
1525 2135 1639 2166 vero
1676 2135 1824 2181 quam

249 2204 377 2252 viam
411 2202 630 2262 munitet,
657 2202 789 2265 quod
812 2203 900 2249 iter
932 2201 1134 2249 adfectet
1157 2202 1324 2268 videtis
1346 2219 1356 2248 z
1394 2201 1457 2248 ad
1480 2201 1640 2259 fidem,
1666 2200 1727 2247 ad
1751 2201 1823 2248 ius

247 2285 515 2344 iurandum,
552 2285 615 2332 ad
650 2285 828 2332 iudicia
851 2292 1021 2342 vestra,
1047 2284 1110 2331 ad
1143 2283 1206 2341 id,
1233 2283 1363 2346 quod
1400 2283 1556 2330 solum
1590 2299 1738 2346 prope
1773 2283 1823 2329 in

151 2375 226 2414 141
251 2369 436 2416 civitate
466 2369 706 2415 sincerum
742 2375 1059 2430 sanctumque
1094 2374 1252 2413 restat.
1325 2366 1504 2413 Hicine
1540 2365 1683 2412 etiam
1720 2381 1822 2412 sese

250 2458 386 2515 putat
409 2449 588 2513 aliquid
612 2465 753 2512 posse
780 2448 1160 2511 Chrysogonus?
1223 2448 1320 2495 Hic
1346 2448 1491 2495 etiam
1515 2445 1688 2510 p'otens
1718 2463 1823 2495 esse

251 2533 382 2582 volt?
442 2531 487 2580 O
514 2547 616 2578 rem
640 2532 865 2578 miseram
889 2539 1030 2594 atque
1046 2532 1293 2578 acerbaml
1331 2530 1503 2592 Neque
1528 2529 1822 2577 mehercules

252 2615 345 2663 hoc
367 2613 565 2675 indigne
590 2613 705 2671 fero,
732 2612 865 2676 quod
888 2628 1050 2659 verear
1075 2628 1136 2660 ne
1161 2611 1278 2674 quid
1310 2611 1477 2674 possit,
1501 2626 1666 2658 verum
1691 2610 1823 2674 quod

253 2711 396 2743 ausus
420 2703 504 2753 est,
530 2694 663 2758 quod
687 2695 894 2757 speravit
919 2709 1023 2741 sese
1048 2694 1177 2756 apud
1196 2693 1300 2741 talis
1325 2695 1451 2741 viros
1475 2693 1655 2756 aliquid
1677 2709 1822 2756 posse

253 2776 315 2825 ad
337 2777 596 2840 perniciem
620 2775 902 2833 innocentis,
926 2775 976 2822 id
998 2776 1158 2838 ipsum
1181 2791 1369 2838 queror.
1438 2780 1538 2825 49.
1571 2775 1823 2823 Idcircone

255 2866 533 2922 exspectata
568 2857 788 2905 nobilitas
812 2857 957 2904 armis
993 2865 1136 2919 atque
1162 2856 1286 2904 ferro
1310 2873 1412 2905 rem
1435 2858 1679 2921 publicam
1704 2857 1821 2904 reci-

990 2941 1073 2988 F3
