2060 3086
562 202 680 243 PRO
716 201 852 244 SEX.
891 203 1122 246 ROSCIO.
1198 194 1255 260 ξς
1295 193 1486 262 61-63.
1740 201 1807 257 55

241 332 390 380 libere
426 333 534 390 dici,
572 349 717 396 quem
758 334 867 382 dedi
907 336 1125 397 putabas,
1165 335 1355 382 defendi
1394 335 1643 397 intellegis,
1685 350 1810 397 quos

242 413 494 461 tradituros
519 415 759 476 sperabas,
780 415 909 463 vides
934 416 1155 473 iudicare,
1174 416 1363 462 restitue
1389 417 1530 463 nobis
1549 415 1810 477 aliquando

240 502 448 542 veterem
489 504 621 543 tuam
663 496 792 543 illam
838 496 1141 544 calliditatem
1182 504 1324 559 atque
1366 496 1685 558 prudentiam,
1729 501 1815 542 aut

242 575 467 623 confitere
481 581 519 622 le
533 575 626 624 huc
643 592 700 624 ea
719 592 804 638 spe
819 577 1019 636 venisse,
1035 577 1167 640 quod
1185 586 1376 640 putares
1396 577 1473 625 hic
1490 578 1809 635 latrocinium,

241 671 341 703 non
364 657 588 705 iudicium
613 658 836 706 futurum.

248 808 291 846 T
285 807 418 859 houglz
438 808 505 847 the
532 809 677 860 charge
695 809 731 847 z's
750 809 818 848 tlte
845 809 1047 849 atrocz‘ous
1065 821 1139 849 one
1156 809 1208 861 of
1215 809 1443 861 parricide,
1465 809 1532 848 the
1559 821 1723 848 accuser
1737 808 1812 847 has

350 881 420 914 not
438 876 598 915 deemed
623 877 658 915 z’t
685 890 889 928 necessary
907 882 946 916 to
965 878 1089 929 allege
1107 891 1133 916 a
1153 878 1312 918 motz've.
1379 879 1447 916 Yet
1464 890 1490 916 a
1510 878 1637 916 crime
1664 890 1705 916 so
1732 890 1811 915 un-

352 945 533 983 natural
544 951 693 984 cannot
711 945 751 984 be
771 946 946 1000 believed
961 945 1137 985 without
1153 945 1458 998 overpowering
1471 945 1666 986 evidence.

309 1056 385 1104 De
409 1057 659 1120 parricidio
684 1072 827 1104 causa
853 1057 1047 1104 dicitur:
1084 1058 1203 1105 ratio
1237 1059 1298 1104 ab
1329 1066 1605 1105 accusatore
1630 1056 1813 1104 reddita

168 1148 219 1188 62
242 1153 342 1186 non
367 1146 438 1185 est
460 1153 606 1200 quam
630 1139 695 1185 ob
719 1131 1122 1201 causam'patrem
1158 1139 1283 1186 filius
1307 1139 1563 1187 occiderit:
1602 1138 1733 1201 quod
1762 1139 1812 1185 in

242 1219 451 1266 minimis
489 1211 646 1267 noiriis
681 1228 728 1267 et
761 1220 812 1266 in
846 1219 920 1267 his
954 1220 1210 1267 levioribus
1246 1221 1471 1282 peccatis,
1497 1236 1621 1284 quae
1658 1220 1812 1282 magis

241 1300 407 1348 crebra
441 1309 489 1348 et
522 1302 616 1348 iam
651 1318 803 1364 prope
839 1302 1079 1350 cotidiana
1115 1310 1236 1359 sunt,
1274 1302 1482 1349 maxime
1519 1310 1566 1348 et
1601 1303 1813 1364 primum

242 1382 494 1444 quaeritur,
519 1398 643 1444 quae
671 1398 814 1431 causa
844 1383 1062 1431 maleficii
1095 1382 1246 1440 fuerit,
1272 1383 1320 1429 id
1353 1383 1556 1431 Erucius
1587 1384 1637 1430 in
1668 1383 1813 1445 parri-

242 1463 366 1511 cidio
391 1464 553 1525 quaeri
588 1480 688 1511 non
723 1474 855 1527 putat
890 1473 1140 1528 oportere:
1179 1465 1228 1511 in
1265 1480 1363 1527 quo
1399 1465 1591 1522 scelere,
1617 1465 1811 1521 iudices,

243 1545 387 1592 etiam
412 1561 524 1593 cum
541 1547 718 1594 multae
745 1562 919 1594 causae
938 1547 1221 1594 convenisse
1247 1563 1399 1593 unum
1417 1548 1466 1593 in
1490 1547 1651 1594 locum
1670 1555 1812 1609 atque

242 1627 363 1674 inter
399 1641 451 1675 se
486 1643 753 1690 congruere
788 1629 1021 1687 videntur,
1058 1637 1221 1676 tamen
1258 1644 1359 1676 non
1395 1638 1571 1676 temere
1609 1628 1815 1675 creditur

243 1724 400 1773 neque
437 1710 528 1757 levi
563 1711 837 1758 coniectura
871 1726 945 1758 res
987 1712 1212 1774 penditur
1249 1726 1404 1774 neque
1440 1712 1569 1759 testis
1606 1711 1813 1757 incertus

243 1793 431 1841 auditur
477 1807 633 1854 neque
680 1793 970 1840 accusatoris
1017 1793 1211 1854 ingenio
1259 1809 1335 1841 res
1385 1794 1650 1840 iudicatur:
1704 1806 1814 1838 cum

243 1875 394 1921 multa
417 1882 558 1921 antea
591 1875 848 1922 commissa
881 1875 1129 1934 maleficia,
1160 1890 1271 1922 cum
1295 1876 1390 1922 vita
1426 1875 1632 1922 hominis
1657 1873 1813 1936 perdi-

244 1956 440 2014 tissima,
482 1963 585 2002 tum
633 1955 880 2017 singularis
922 1956 1120 2003 audacia
1176 1956 1453 2003 ostendatur
1489 1971 1684 2003 necesse
1726 1962 1811 2012 est,

244 2053 403 2100 neque
437 2037 633 2085 audacia
669 2037 839 2096 solum,
866 2037 951 2085 sed
975 2053 1193 2085 summus
1228 2037 1362 2085 furor
1397 2047 1540 2101 atque
1576 2037 1813 2084 amentia:

244 2120 365 2168 haec
408 2135 520 2168 cum
563 2120 658 2166 sint
696 2120 872 2177 omnia,
915 2128 1078 2166 tamen
1119 2128 1309 2167 exstent
1352 2128 1539 2182 oportet
1591 2133 1816 2181 expressa

247 2202 436 2251 sceleris
474 2201 684 2262 vestigia,
708 2201 803 2258 ubi,
831 2216 927 2263 qua
958 2203 1157 2259 ratione,
1184 2217 1268 2264 per
1304 2216 1440 2262 quos,
1469 2217 1567 2263 quo
1601 2210 1815 2262 tempore

244 2283 536 2332 maleficium
579 2284 636 2329 sit
674 2282 964 2340 admissum3
1004 2298 1126 2344 quae
1169 2283 1258 2329 nisi
1296 2282 1447 2329 multa
1484 2290 1529 2329 et
1569 2281 1816 2329 manifesta

247 2375 370 2424 sunt,
409 2365 622 2428 profecto
660 2380 735 2411 res
776 2373 876 2411 tam
918 2364 1130 2422 scelesta,
1168 2373 1266 2411 tam
1309 2373 1459 2422 atrox,
1497 2373 1595 2411 tam
1638 2363 1816 2410 nefaria

173 2458 223 2498 63
247 2447 374 2495 credi
389 2462 490 2494 non
508 2454 677 2508 potest.
739 2445 923 2508 Magna
937 2454 1007 2493 est
1025 2446 1153 2493 enim
1171 2447 1240 2492 vis
1262 2447 1570 2493 humanitatis
1578 2462 1590 2504 ;
1610 2445 1815 2491 multum

248 2529 372 2577 valet
409 2530 689 2576 communio
726 2529 1000 2590 sanguinis3
1037 2530 1300 2575 reclamitat
1335 2529 1467 2575 istius
1496 2528 1628 2575 modi
1665 2527 1814 2589 suspi-

248 2611 458 2660 tionibus
480 2611 585 2674 ipsa
608 2619 802 2668 natura;
839 2618 1115 2672 portentum
1140 2619 1283 2672 atque
1310 2618 1579 2657 monstrum
1612 2610 1815 2656 certissi-

248 2707 383 2740 mum
402 2700 473 2739 est
497 2707 601 2739 esse
626 2692 833 2753 aliquem
860 2691 1072 2737 humana
1096 2692 1252 2753 specie
1273 2699 1318 2737 et
1342 2691 1506 2753 figura,
1526 2691 1608 2753 qui
1629 2699 1815 2737 tantum

250 2774 544 2822 immanitate
579 2773 754 2819 bestias
789 2773 961 2829 vicerit,
987 2779 1038 2818 ut
1062 2780 1257 2834 propter
1282 2787 1403 2835 quos
1432 2772 1557 2819 hanc
1595 2772 1814 2819 suavissi-

249 2870 381 2903 mam
405 2855 559 2903 lucem
585 2855 835 2917 aspexerit,
863 2869 947 2901 eos
982 2854 1309 2915 indignissime
1343 2854 1449 2902 luce
1473 2854 1676 2917 privarit,
1705 2869 1816 2901 cum
