2132 3094
318 225 383 279 72
595 221 727 263 -PRo
765 221 904 263 SEX.
942 221 1177 262 ROSCIO.
1253 212 1313 280 §§
1358 211 1615 275 104-106.

311 353 463 405 multa
491 354 751 411 audaciter,
776 354 928 403 multa
956 355 1178 418 improbe
1207 353 1391 412 fecisti;
1428 369 1583 402 unum
1606 353 1894 413 stultissime,

310 439 526 502 profecto
557 447 640 488 tua
672 447 863 502 sponte,
889 453 990 486 non
1024 437 1083 485 de
1119 436 1283 485 Erucii
1316 438 1582 487 sententia:
1620 437 1738 486 nihil
1769 452 1894 501 opus

310 521 396 569 fuit
435 530 482 570 te
513 521 618 570 istic
652 521 820 570 sedere
837 537 850 581 ς
888 536 1046 584 neque
1082 520 1213 567 enim
1249 526 1530 568 accusatore
1567 528 1701 568 muto
1735 535 1893 583 neque

309 612 428 653 teste
476 604 735 668 quisquam
782 605 928 651 utitur
975 619 1050 661 e0‚
1095 602 1180 666 qui
1219 602 1278 650 de
1325 603 1618 650 accusatoris
1666 602 1892 651 subsellio

310 686 473 750 surgit.
546 686 658 734 Huc
695 685 895 742 accedit,
930 685 1064 749 quod
1102 685 1247 747 paulo
1282 678 1447 732 tamen
1483 684 1712 733 occultior
1746 692 1892 748 atque

310 769 478 816 tectior
513 777 666 817 vestra
701 769 791 816 ista
827 768 1065 831 cupiditas
1100 775 1240 815 esset.
1313 766 1459 815 Nunc
1496 766 1613 830 quid
1649 775 1724 815 est
1758 765 1891 829 quod

311 851 567 914 quisquam
592 867 652 899 ex
677 851 812 899 vobis
845 850 1011 898 audire
1044 849 1299 907 desideret,
1325 865 1438 898 cum
1463 864 1589 913 quae
1612 849 1764 898 facitis
1789 849 1891 897 eius

310 932 442 980 modi
472 933 580 990 sint,
604 941 656 980 ut
680 949 738 999 ea
767 932 927 980 dedita
956 947 1104 994 opera
1128 948 1157 979 a
1181 932 1324 980 nobis
1356 941 1524 979 contra
1547 939 1734 980 vosmet
1757 931 1890 994 ipsos

310 1014 465 1062 facere
486 1014 782 1063 videamini?

318 1186 359 1225 T
352 1186 401 1226 lze
431 1191 513 1226 rest
542 1187 594 1239 of
611 1187 676 1226 the
691 1187 806 1240 facts
831 1187 951 1239 speak
969 1186 1050 1238 sor
1076 1187 1320 1227 themselves.
1380 1187 1665 1239 Chrysogonus
1692 1192 1739 1226 at
1774 1186 1890 1227 Vola-

415 1261 551 1295 terrae
569 1269 655 1297 was
685 1255 892 1308 informed
906 1255 958 1307 of
974 1256 1040 1294 tlze
1069 1256 1241 1295 murder
1259 1256 1414 1295 within
1420 1255 1534 1308 four
1558 1256 1671 1308 days,
1689 1255 1781 1295 and
1804 1254 1891 1295 took

415 1324 652 1365 immediate
677 1330 782 1377 steps
808 1329 846 1364 to
873 1324 978 1364 have
1005 1314 1072 1363 the
1093 1325 1213 1376 goods
1240 1325 1292 1377 of
1309 1325 1460 1364 Sextus
1491 1325 1664 1364 Roscius
1694 1324 1790 1365 sold.
1846 1324 1893 1364 It

416 1394 454 1432 is
480 1393 530 1432 lze
557 1394 649 1432 and
675 1394 742 1433 tlze
768 1399 849 1433 two
877 1393 1020 1432 Roscii
1045 1393 1136 1432 wlzo
1171 1406 1241 1432 are
1268 1407 1362 1432 now
1391 1394 1439 1432 in
1462 1395 1683 1447 possession
1715 1393 1767 1447 of
1784 1393 1891 1433 those

410 1462 541 1514 good-5.
1871 1464 1873 1466 ’

375 1584 484 1645 Age
509 1599 639 1631 nunc
672 1583 752 1630 illa
776 1583 1037 1641 videamuS‚
1063 1582 1257 1642 iudices,
1287 1598 1412 1645 quae
1442 1583 1602 1631 statim
1627 1589 1888 1631 consecuta
1912 1589 1988 1646 ξοδ

309 1675 446 1715 sunt:
486 1666 548 1714 ad
571 1666 849 1713 Volaterras
882 1666 932 1712 in
966 1673 1122 1712 castra
1155 1663 1211 1711 L.
1240 1663 1400 1712 Sullae
1424 1680 1557 1712 mors
1585 1664 1693 1712 Sex.
1721 1663 1887 1712 Roscii

311 1748 593 1810 quadriduo,
611 1764 710 1811 quo
735 1749 775 1796 is
795 1749 986 1797 occisus
1010 1756 1096 1807 est,
1118 1748 1441 1810 Chrysogono
1466 1749 1724 1796 nuntiatur.
1787 1752 1886 1801 3⁷.

310 1830 568 1889 Quaeritur
590 1831 735 1879 etiam
767 1846 898 1878 nunc
924 1831 1031 1895 quis
1056 1846 1169 1878 eum
1193 1831 1416 1879 nuntium
1440 1831 1650 1879 miserit?
1706 1830 1887 1880 Nonne

308 1913 615 1976 perspicuum
634 1921 706 1961 est
723 1913 934 1960 eundem
954 1914 1035 1976 qui
1054 1913 1333 1961 Ameriam?
1372 1913 1521 1961 Curat
1540 1913 1887 1976 Chrysogonus

308 2004 360 2043 ut
383 1996 484 2043 eius
520 1996 653 2042 bona
676 2003 884 2043 veneant
917 1996 1093 2054 statim,
1120 1995 1201 2058 qui
1233 2011 1334 2043 non
1368 2004 1507 2043 norat
1533 1995 1783 2044 hominem
1807 2005 1888 2045 aut
1924 2005 1926 2007 ’

308 2093 424 2126 rem.
494 2077 559 2125 At
603 2078 685 2141 qui
726 2077 770 2124 ei
806 2078 934 2126 venit
970 2078 1020 2124 in
1055 2085 1274 2125 mentem
1311 2078 1508 2141 praedia
1543 2079 1888 2141 concupiscere

308 2160 517 2207 hominis
549 2160 885 2223 ignoti‚-quem
910 2161 1113 2208 omnino
1138 2175 1406 2223 numquam
1435 2160 1649 2209 viderat?
1700 2160 1886 2220 Soletis,

307 2258 419 2290 cum
445 2241 623 2305 aliquid
646 2241 848 2289 huiusce
874 2242 1007 2290 modi
1030 2243 1215 2301 auditis,
1235 2242 1431 2301 iudices,
1451 2244 1688 2291 continuo
1708 2243 1884 2291 dicere:

308 2339 504 2372 necesse
542 2331 613 2371 est
648 2323 858 2387 aliquem
901 2324 1077 2371 dixisse
1117 2325 1410 2386 municipem
1447 2333 1527 2372 aut
1562 2325 1798 2374 vicinum:
1842 2326 1886 2374 ei

307 2407 591 2470 plerumque
638 2407 876 2466 indicant;
931 2423 1016 2470 per
1052 2423 1136 2455 eos
1182 2408 1396 2470 plerique
1433 2407 1715 2469 produntur.
1787 2407 1885 2456 Hic

308 2489 423 2535 nihil
450 2498 519 2536 est
548 2489 681 2553 quod
717 2490 1077 2552 suspitionem†
1111 2489 1205 2538 hoc
1237 2490 1425 2552 putetis.
1497 2489 1613 2540 Non
1638 2490 1767 2537 enim
1791 2505 1885 2552 ego
1911 2500 1987 2539 106

307 2572 371 2618 ita
396 2572 681 2633 disputabo:
721 2573 817 2620 veri
842 2573 994 2621 simile
1022 2581 1093 2620 est
1119 2572 1326 2621 Roscios
1351 2573 1492 2619 istam
1516 2588 1618 2619 rem
1643 2571 1706 2618 ad
1731 2572 1885 2635 Chry·
1930 2571 1932 2573 ’

308 2668 550 2715 sogonum
581 2654 835 2715 detulisse3
879 2663 980 2702 erat
1011 2656 1142 2703 enim
1178 2655 1246 2703 eis
1279 2670 1390 2702 cum
1426 2654 1751 2716 Chrysogono
1787 2655 1884 2702 iam

308 2744 450 2783 antea
497 2736 702 2784 amicitia
718 2753 730 2795 ;
780 2753 895 2784 nam
942 2753 1055 2785 cum
1103 2738 1281 2785 multos
1324 2745 1504 2784 veteres
1547 2753 1574 2783 a
1622 2738 1884 2786 maioribus

310 2818 476 2866 Roscii
514 2827 743 2882 patronos
781 2820 1091 2883 hospitesque
1122 2820 1364 2880 haberent,
1404 2822 1562 2867 omnis
1597 2836 1681 2867 eos
1724 2820 1883 2868 colere

308 2908 452 2965 atque
479 2903 731 2949 observare
769 2901 1047 2950 destiterunt
1077 2918 1133 2950 ac
1167 2919 1218 2950 se
1251 2903 1304 2961 *in
1331 2902 1635 2965 Chrysogoni
1668 2901 1812 2950 fidem
1836 2909 1883 2949 et
