<?xml version="1.0" encoding="UTF-8"?>
<!DOCTYPE html PUBLIC "-//W3C//DTD XHTML 1.0 Transitional//EN"
    "http://www.w3.org/TR/xhtml1/DTD/xhtml1-transitional.dtd">
<html xmlns="http://www.w3.org/1999/xhtml" xml:lang="en" lang="en">
 <head>
  <title>
</title>
<meta http-equiv="Content-Type" content="text/html;charset=utf-8" />
  <meta name='ocr-system' content='tesseract 3.04.00' />
  <meta name='ocr-capabilities' content='ocr_page ocr_carea ocr_par ocr_line ocrx_word'/>
</head>
<body>
  <div class='ocr_page' id='page_1' title='image "./prorosciowithint00ciceuoft/prorosciowithint00ciceuoft_0072.png"; bbox 0 0 2132 3094; ppageno 0'>
   <div class='ocr_carea' id='block_1_1' title="bbox 307 198 1566 267">
    <p class='ocr_par' dir='ltr' id='par_1_1' title="bbox 307 198 1566 267">
     <span class='ocr_line' id='line_1_1' title="bbox 307 198 1566 267; baseline 0.001 -19"><span class='ocrx_word' id='word_1_1' title='bbox 307 198 374 249; x_wconf 90' lang='lat'>68</span> <span class='ocrx_word' id='word_1_2' title='bbox 629 209 747 249; x_wconf 79' lang='lat' dir='ltr'>PRO</span> <span class='ocrx_word' id='word_1_3' title='bbox 785 208 924 251; x_wconf 86' lang='lat' dir='ltr'><em>SEX.</em></span> <span class='ocrx_word' id='word_1_4' title='bbox 962 208 1197 249; x_wconf 80' lang='lat' dir='ltr'>ROSCIo.</span> <span class='ocrx_word' id='word_1_5' title='bbox 1274 198 1334 266; x_wconf 59' lang='grc' dir='ltr'>ξξ</span> <span class='ocrx_word' id='word_1_6' title='bbox 1373 207 1566 267; x_wconf 85' lang='lat'>93-95.</span> 
     </span>
    </p>
   </div>
   <div class='ocr_carea' id='block_1_2' title="bbox 255 340 1964 1471">
    <p class='ocr_par' dir='ltr' id='par_1_2' title="bbox 255 340 1964 1471">
     <span class='ocr_line' id='line_1_2' title="bbox 305 340 1890 391; baseline -0.001 -1"><span class='ocrx_word' id='word_1_7' title='bbox 305 341 614 391; x_wconf 88' lang='lat' dir='ltr'>contendito:</span> <span class='ocrx_word' id='word_1_8' title='bbox 654 341 721 388; x_wconf 90' lang='lat' dir='ltr'>ita</span> <span class='ocrx_word' id='word_1_9' title='bbox 755 340 978 388; x_wconf 86' lang='lat' dir='ltr'>facillime</span> <span class='ocrx_word' id='word_1_10' title='bbox 1013 355 1158 388; x_wconf 87' lang='lat' dir='ltr'>causa</span> <span class='ocrx_word' id='word_1_11' title='bbox 1194 340 1302 389; x_wconf 86' lang='lat' dir='ltr'>Sex.</span> <span class='ocrx_word' id='word_1_12' title='bbox 1328 340 1494 389; x_wconf 85' lang='lat' dir='ltr'><strong>Roscii</strong></span> <span class='ocrx_word' id='word_1_13' title='bbox 1529 356 1644 388; x_wconf 91' lang='lat' dir='ltr'>cum</span> <span class='ocrx_word' id='word_1_14' title='bbox 1668 349 1753 389; x_wconf 91' lang='lat' dir='ltr'>tua</span> <span class='ocrx_word' id='word_1_15' title='bbox 1773 355 1890 389; x_wconf 91' lang='lat' dir='ltr'>con-</span> 
     </span>
     <span class='ocr_line' id='line_1_3' title="bbox 305 422 1964 486; baseline 0.001 -14"><span class='ocrx_word' id='word_1_16' title='bbox 305 424 492 472; x_wconf 91' lang='lat' dir='ltr'>feretur.</span> <span class='ocrx_word' id='word_1_17' title='bbox 563 422 709 470; x_wconf 88' lang='lat' dir='ltr'><strong>Dices</strong></span> <span class='ocrx_word' id='word_1_18' title='bbox 749 427 760 449; x_wconf 90' lang='lat'>‘</span> <span class='ocrx_word' id='word_1_19' title='bbox 781 423 900 486; x_wconf 93' lang='lat' dir='ltr'>quid</span> <span class='ocrx_word' id='word_1_20' title='bbox 946 432 1129 485; x_wconf 85' lang='lat' dir='ltr'>postea,</span> <span class='ocrx_word' id='word_1_21' title='bbox 1169 423 1207 470; x_wconf 92' lang='lat' dir='ltr'>si</span> <span class='ocrx_word' id='word_1_22' title='bbox 1257 422 1446 471; x_wconf 88' lang='lat' dir='ltr'>Romae</span> <span class='ocrx_word' id='word_1_23' title='bbox 1493 423 1722 471; x_wconf 88' lang='lat' dir='ltr'>adsiduus</span> <span class='ocrx_word' id='word_1_24' title='bbox 1759 423 1887 471; x_wconf 83' lang='lat' dir='ltr'>fui?’</span> <span class='ocrx_word' id='word_1_25' title='bbox 1913 434 1964 473; x_wconf 86' lang='lat'>94</span> 
     </span>
     <span class='ocr_line' id='line_1_4' title="bbox 255 502 1891 569; baseline -0.001 -15"><span class='ocrx_word' id='word_1_26' title='bbox 255 523 272 527; x_wconf 69' lang='grc'><strong>“</strong></span> <span class='ocrx_word' id='word_1_27' title='bbox 306 505 635 569; x_wconf 87' lang='lat' dir='ltr'>Respondebo</span> <span class='ocrx_word' id='word_1_28' title='bbox 656 510 667 532; x_wconf 94' lang='lat'>‘</span> <span class='ocrx_word' id='word_1_29' title='bbox 683 514 731 552; x_wconf 87' lang='lat' dir='ltr'>at</span> <span class='ocrx_word' id='word_1_30' title='bbox 750 521 844 567; x_wconf 90' lang='lat' dir='ltr'>ego</span> <span class='ocrx_word' id='word_1_31' title='bbox 860 506 1063 553; x_wconf 89' lang='lat' dir='ltr'>omnino</span> <span class='ocrx_word' id='word_1_32' title='bbox 1079 520 1181 553; x_wconf 87' lang='lat' dir='ltr'>non</span> <span class='ocrx_word' id='word_1_33' title='bbox 1199 502 1294 552; x_wconf 86' lang='lat' dir='ltr'>fui.&#39;</span> <span class='ocrx_word' id='word_1_34' title='bbox 1334 509 1346 530; x_wconf 93' lang='lat'>‘</span> <span class='ocrx_word' id='word_1_35' title='bbox 1366 505 1542 553; x_wconf 86' lang='lat' dir='ltr'>Fateor</span> <span class='ocrx_word' id='word_1_36' title='bbox 1559 521 1638 555; x_wconf 92' lang='lat' dir='ltr'>me</span> <span class='ocrx_word' id='word_1_37' title='bbox 1658 515 1891 554; x_wconf 89' lang='lat' dir='ltr'>sectorem</span> 
     </span>
     <span class='ocr_line' id='line_1_5' title="bbox 306 585 1892 650; baseline -0.001 -14"><span class='ocrx_word' id='word_1_38' title='bbox 306 604 424 647; x_wconf 89' lang='lat' dir='ltr'>esse,</span> <span class='ocrx_word' id='word_1_39' title='bbox 443 603 610 636; x_wconf 85' lang='lat' dir='ltr'>verum</span> <span class='ocrx_word' id='word_1_40' title='bbox 628 596 676 635; x_wconf 89' lang='lat' dir='ltr'>et</span> <span class='ocrx_word' id='word_1_41' title='bbox 699 587 778 634; x_wconf 90' lang='lat' dir='ltr'>alii</span> <span class='ocrx_word' id='word_1_42' title='bbox 802 585 969 634; x_wconf 88' lang='lat' dir='ltr'>multi.&#39;</span> <span class='ocrx_word' id='word_1_43' title='bbox 1034 590 1045 611; x_wconf 94' lang='lat'>‘</span> <span class='ocrx_word' id='word_1_44' title='bbox 1064 587 1133 635; x_wconf 90' lang='lat' dir='ltr'>At</span> <span class='ocrx_word' id='word_1_45' title='bbox 1156 603 1268 649; x_wconf 89' lang='lat' dir='ltr'>ego,</span> <span class='ocrx_word' id='word_1_46' title='bbox 1290 595 1342 634; x_wconf 92' lang='lat' dir='ltr'>ut</span> <span class='ocrx_word' id='word_1_47' title='bbox 1365 595 1465 635; x_wconf 92' lang='lat' dir='ltr'>tute</span> <span class='ocrx_word' id='word_1_48' title='bbox 1489 588 1663 650; x_wconf 85' lang='lat' dir='ltr'>arguis,</span> <span class='ocrx_word' id='word_1_49' title='bbox 1679 588 1892 650; x_wconf 88' lang='lat' dir='ltr'>agricola</span> 
     </span>
     <span class='ocr_line' id='line_1_6' title="bbox 305 668 1893 733; baseline -0.003 -13"><span class='ocrx_word' id='word_1_50' title='bbox 305 681 351 720; x_wconf 93' lang='lat' dir='ltr'>et</span> <span class='ocrx_word' id='word_1_51' title='bbox 375 668 609 718; x_wconf 63' lang='lat' dir='ltr'>rusticus!</span> <span class='ocrx_word' id='word_1_52' title='bbox 683 673 694 695; x_wconf 92' lang='lat'>‘</span> <span class='ocrx_word' id='word_1_53' title='bbox 715 668 831 718; x_wconf 92' lang='lat' dir='ltr'>Non</span> <span class='ocrx_word' id='word_1_54' title='bbox 864 669 1110 728; x_wconf 88' lang='lat' dir='ltr'>continuo,</span> <span class='ocrx_word' id='word_1_55' title='bbox 1138 669 1176 716; x_wconf 88' lang='lat' dir='ltr'>si</span> <span class='ocrx_word' id='word_1_56' title='bbox 1209 684 1289 716; x_wconf 89' lang='lat' dir='ltr'>me</span> <span class='ocrx_word' id='word_1_57' title='bbox 1314 669 1365 716; x_wconf 91' lang='lat' dir='ltr'>in</span> <span class='ocrx_word' id='word_1_58' title='bbox 1389 685 1588 733; x_wconf 86' lang='lat' dir='ltr'>gregem</span> <span class='ocrx_word' id='word_1_59' title='bbox 1612 670 1893 717; x_wconf 87' lang='lat' dir='ltr'>sicariorum</span> 
     </span>
     <span class='ocr_line' id='line_1_7' title="bbox 305 749 1893 814; baseline -0.002 -13"><span class='ocrx_word' id='word_1_60' title='bbox 305 752 500 809; x_wconf 85' lang='lat' dir='ltr'>contuli,</span> <span class='ocrx_word' id='word_1_61' title='bbox 540 767 648 799; x_wconf 89' lang='lat' dir='ltr'>sum</span> <span class='ocrx_word' id='word_1_62' title='bbox 696 749 922 800; x_wconf 88' lang='lat' dir='ltr'>sicarius.&#39;</span> <span class='ocrx_word' id='word_1_63' title='bbox 995 756 1006 777; x_wconf 93' lang='lat'>‘</span> <span class='ocrx_word' id='word_1_64' title='bbox 1027 751 1093 798; x_wconf 92' lang='lat' dir='ltr'>At</span> <span class='ocrx_word' id='word_1_65' title='bbox 1130 767 1223 814; x_wconf 88' lang='lat' dir='ltr'>ego</span> <span class='ocrx_word' id='word_1_66' title='bbox 1270 750 1502 814; x_wconf 88' lang='lat' dir='ltr'>profecto,</span> <span class='ocrx_word' id='word_1_67' title='bbox 1547 752 1627 814; x_wconf 92' lang='lat' dir='ltr'>qui</span> <span class='ocrx_word' id='word_1_68' title='bbox 1676 768 1738 800; x_wconf 87' lang='lat' dir='ltr'>ne</span> <span class='ocrx_word' id='word_1_69' title='bbox 1781 751 1893 799; x_wconf 90' lang='lat' dir='ltr'>novi</span> 
     </span>
     <span class='ocr_line' id='line_1_8' title="bbox 306 833 1895 899; baseline -0.001 -17"><span class='ocrx_word' id='word_1_70' title='bbox 306 835 502 899; x_wconf 91' lang='lat' dir='ltr'>quidem</span> <span class='ocrx_word' id='word_1_71' title='bbox 538 848 834 897; x_wconf 85' lang='lat' dir='ltr'>quemquam</span> <span class='ocrx_word' id='word_1_72' title='bbox 867 833 1107 891; x_wconf 89' lang='lat' dir='ltr'>sicarium,</span> <span class='ocrx_word' id='word_1_73' title='bbox 1133 833 1279 894; x_wconf 89' lang='lat' dir='ltr'>longe</span> <span class='ocrx_word' id='word_1_74' title='bbox 1316 834 1489 882; x_wconf 88' lang='lat' dir='ltr'>absum</span> <span class='ocrx_word' id='word_1_75' title='bbox 1526 835 1588 882; x_wconf 93' lang='lat' dir='ltr'>ab</span> <span class='ocrx_word' id='word_1_76' title='bbox 1624 835 1725 882; x_wconf 91' lang='lat' dir='ltr'>eius</span> <span class='ocrx_word' id='word_1_77' title='bbox 1761 834 1895 881; x_wconf 91' lang='lat' dir='ltr'>modi</span> 
     </span>
     <span class='ocr_line' id='line_1_9' title="bbox 306 914 1894 979; baseline -0.003 -14"><span class='ocrx_word' id='word_1_78' title='bbox 306 915 533 965; x_wconf 68' lang='lat' dir='ltr'>crimine!</span> <span class='ocrx_word' id='word_1_79' title='bbox 603 914 845 962; x_wconf 85' lang='lat' dir='ltr'>Permulta</span> <span class='ocrx_word' id='word_1_80' title='bbox 871 923 995 973; x_wconf 89' lang='lat' dir='ltr'>sunt,</span> <span class='ocrx_word' id='word_1_81' title='bbox 1023 931 1148 979; x_wconf 90' lang='lat' dir='ltr'>quae</span> <span class='ocrx_word' id='word_1_82' title='bbox 1174 915 1267 964; x_wconf 94' lang='lat' dir='ltr'>dici</span> <span class='ocrx_word' id='word_1_83' title='bbox 1300 924 1503 979; x_wconf 88' lang='lat' dir='ltr'>possunt</span> <span class='ocrx_word' id='word_1_84' title='bbox 1534 931 1682 979; x_wconf 90' lang='lat' dir='ltr'>quare</span> <span class='ocrx_word' id='word_1_85' title='bbox 1713 915 1894 962; x_wconf 87' lang='lat' dir='ltr'>intelle-</span> 
     </span>
     <span class='ocr_line' id='line_1_10' title="bbox 305 996 1894 1061; baseline -0.001 -16"><span class='ocrx_word' id='word_1_86' title='bbox 305 1007 445 1061; x_wconf 90' lang='lat' dir='ltr'>gatur</span> <span class='ocrx_word' id='word_1_87' title='bbox 469 1013 710 1044; x_wconf 90' lang='lat' dir='ltr'>summam</span> <span class='ocrx_word' id='word_1_88' title='bbox 737 996 823 1043; x_wconf 90' lang='lat' dir='ltr'>tibi</span> <span class='ocrx_word' id='word_1_89' title='bbox 860 996 1136 1044; x_wconf 83' lang='lat' dir='ltr'>facultatem</span> <span class='ocrx_word' id='word_1_90' title='bbox 1174 997 1318 1045; x_wconf 89' lang='lat' dir='ltr'>fuisse</span> <span class='ocrx_word' id='word_1_91' title='bbox 1343 997 1564 1046; x_wconf 89' lang='lat' dir='ltr'>maleficii</span> <span class='ocrx_word' id='word_1_92' title='bbox 1589 996 1894 1060; x_wconf 91' lang='lat' dir='ltr'>suscipiendi,</span> 
     </span>
     <span class='ocr_line' id='line_1_11' title="bbox 306 1078 1895 1143; baseline -0.001 -17"><span class='ocrx_word' id='word_1_93' title='bbox 306 1096 428 1143; x_wconf 90' lang='lat' dir='ltr'>quae</span> <span class='ocrx_word' id='word_1_94' title='bbox 471 1095 571 1126; x_wconf 89' lang='lat' dir='ltr'>non</span> <span class='ocrx_word' id='word_1_95' title='bbox 613 1078 764 1126; x_wconf 89' lang='lat' dir='ltr'>modo</span> <span class='ocrx_word' id='word_1_96' title='bbox 805 1078 986 1126; x_wconf 91' lang='lat' dir='ltr'>idcirco</span> <span class='ocrx_word' id='word_1_97' title='bbox 1024 1088 1291 1141; x_wconf 88' lang='lat' dir='ltr'>praetereo,</span> <span class='ocrx_word' id='word_1_98' title='bbox 1333 1079 1467 1142; x_wconf 92' lang='lat' dir='ltr'>quod</span> <span class='ocrx_word' id='word_1_99' title='bbox 1507 1087 1553 1127; x_wconf 93' lang='lat' dir='ltr'>te</span> <span class='ocrx_word' id='word_1_100' title='bbox 1600 1080 1757 1142; x_wconf 88' lang='lat' dir='ltr'>ipsum</span> <span class='ocrx_word' id='word_1_101' title='bbox 1794 1094 1895 1126; x_wconf 91' lang='lat' dir='ltr'>non</span> 
     </span>
     <span class='ocr_line' id='line_1_12' title="bbox 304 1161 1896 1225; baseline 0 -16"><span class='ocrx_word' id='word_1_102' title='bbox 304 1162 508 1210; x_wconf 86' lang='lat' dir='ltr'>libenter</span> <span class='ocrx_word' id='word_1_103' title='bbox 544 1176 739 1220; x_wconf 89' lang='lat' dir='ltr'>accuso,</span> <span class='ocrx_word' id='word_1_104' title='bbox 763 1177 933 1209; x_wconf 89' lang='lat' dir='ltr'>verum</span> <span class='ocrx_word' id='word_1_105' title='bbox 969 1178 1030 1210; x_wconf 93' lang='lat' dir='ltr'>eo</span> <span class='ocrx_word' id='word_1_106' title='bbox 1066 1163 1223 1225; x_wconf 87' lang='lat' dir='ltr'>magis</span> <span class='ocrx_word' id='word_1_107' title='bbox 1259 1164 1419 1220; x_wconf 89' lang='lat' dir='ltr'>etiam,</span> <span class='ocrx_word' id='word_1_108' title='bbox 1453 1162 1602 1225; x_wconf 91' lang='lat' dir='ltr'>quod,</span> <span class='ocrx_word' id='word_1_109' title='bbox 1634 1162 1672 1210; x_wconf 92' lang='lat' dir='ltr'>si</span> <span class='ocrx_word' id='word_1_110' title='bbox 1709 1162 1769 1209; x_wconf 92' lang='lat' dir='ltr'>de</span> <span class='ocrx_word' id='word_1_111' title='bbox 1805 1161 1896 1210; x_wconf 89' lang='lat' dir='ltr'>illis</span> 
     </span>
     <span class='ocr_line' id='line_1_13' title="bbox 306 1244 1897 1307; baseline -0.001 -15"><span class='ocrx_word' id='word_1_112' title='bbox 306 1245 534 1292; x_wconf 91' lang='lat' dir='ltr'>caedibus</span> <span class='ocrx_word' id='word_1_113' title='bbox 558 1244 701 1291; x_wconf 91' lang='lat' dir='ltr'>velim</span> <span class='ocrx_word' id='word_1_114' title='bbox 737 1259 1140 1304; x_wconf 91' lang='lat' dir='ltr'>commemorare,</span> <span class='ocrx_word' id='word_1_115' title='bbox 1168 1260 1291 1307; x_wconf 87' lang='lat' dir='ltr'>quae</span> <span class='ocrx_word' id='word_1_116' title='bbox 1327 1253 1431 1292; x_wconf 91' lang='lat' dir='ltr'>tum</span> <span class='ocrx_word' id='word_1_117' title='bbox 1468 1244 1622 1292; x_wconf 88' lang='lat' dir='ltr'>factae</span> <span class='ocrx_word' id='word_1_118' title='bbox 1659 1252 1770 1292; x_wconf 90' lang='lat' dir='ltr'>sunt</span> <span class='ocrx_word' id='word_1_119' title='bbox 1807 1244 1897 1291; x_wconf 86' lang='lat' dir='ltr'>ista</span> 
     </span>
     <span class='ocr_line' id='line_1_14' title="bbox 265 1324 1897 1390; baseline -0.001 -16"><span class='ocrx_word' id='word_1_120' title='bbox 265 1384 270 1390; x_wconf 86' lang='lat'><em>.</em></span> <span class='ocrx_word' id='word_1_121' title='bbox 305 1326 476 1374; x_wconf 87' lang='lat' dir='ltr'>eadem</span> <span class='ocrx_word' id='word_1_122' title='bbox 501 1327 698 1383; x_wconf 91' lang='lat' dir='ltr'>ratione,</span> <span class='ocrx_word' id='word_1_123' title='bbox 725 1341 824 1388; x_wconf 91' lang='lat' dir='ltr'>qua</span> <span class='ocrx_word' id='word_1_124' title='bbox 849 1325 959 1374; x_wconf 84' lang='lat' dir='ltr'>Sex.</span> <span class='ocrx_word' id='word_1_125' title='bbox 988 1326 1196 1375; x_wconf 89' lang='lat' dir='ltr'>Roscius</span> <span class='ocrx_word' id='word_1_126' title='bbox 1221 1327 1410 1375; x_wconf 90' lang='lat' dir='ltr'>occisus</span> <span class='ocrx_word' id='word_1_127' title='bbox 1434 1335 1518 1386; x_wconf 88' lang='lat' dir='ltr'>est,</span> <span class='ocrx_word' id='word_1_128' title='bbox 1546 1342 1714 1375; x_wconf 90' lang='lat' dir='ltr'>vereor</span> <span class='ocrx_word' id='word_1_129' title='bbox 1749 1341 1810 1374; x_wconf 89' lang='lat' dir='ltr'>ne</span> <span class='ocrx_word' id='word_1_130' title='bbox 1834 1324 1897 1374; x_wconf 90' lang='lat' dir='ltr'>ad</span> 
     </span>
     <span class='ocr_line' id='line_1_15' title="bbox 304 1408 1286 1471; baseline 0.002 -16"><span class='ocrx_word' id='word_1_131' title='bbox 304 1408 453 1470; x_wconf 90' lang='lat' dir='ltr'>pluris</span> <span class='ocrx_word' id='word_1_132' title='bbox 478 1408 632 1455; x_wconf 88' lang='lat' dir='ltr'>oratio</span> <span class='ocrx_word' id='word_1_133' title='bbox 657 1423 767 1455; x_wconf 89' lang='lat' dir='ltr'>mea</span> <span class='ocrx_word' id='word_1_134' title='bbox 791 1409 1031 1471; x_wconf 90' lang='lat' dir='ltr'>pertinere</span> <span class='ocrx_word' id='word_1_135' title='bbox 1056 1409 1286 1457; x_wconf 88' lang='lat' dir='ltr'>videatur.</span> 
     </span>
    </p>
   </div>
   <div class='ocr_carea' id='block_1_3' title="bbox 305 1572 1898 1765">
    <p class='ocr_par' dir='ltr' id='par_1_3' title="bbox 305 1572 1898 1765">
     <span class='ocr_line' id='line_1_16' title="bbox 305 1572 1897 1633; baseline 0 -19"><span class='ocrx_word' id='word_1_136' title='bbox 305 1575 415 1614; x_wconf 86' lang='lat' dir='ltr'>Now</span> <span class='ocrx_word' id='word_1_137' title='bbox 444 1572 530 1613; x_wconf 85' lang='lat' dir='ltr'>look</span> <span class='ocrx_word' id='word_1_138' title='bbox 567 1578 612 1612; x_wconf 88' lang='lat' dir='ltr'>at</span> <span class='ocrx_word' id='word_1_139' title='bbox 647 1573 714 1615; x_wconf 72' lang='lat' dir='ltr'>tlte</span> <span class='ocrx_word' id='word_1_140' title='bbox 751 1580 889 1614; x_wconf 80' lang='lat' dir='ltr'>events</span> <span class='ocrx_word' id='word_1_141' title='bbox 926 1574 1064 1614; x_wconf 76' lang='lat' dir='ltr'><em>which</em></span> <span class='ocrx_word' id='word_1_142' title='bbox 1090 1574 1292 1627; x_wconf 86' lang='lat' dir='ltr'>followed</span> <span class='ocrx_word' id='word_1_143' title='bbox 1324 1574 1391 1615; x_wconf 77' lang='lat' dir='ltr'>the</span> <span class='ocrx_word' id='word_1_144' title='bbox 1427 1574 1536 1616; x_wconf 82' lang='lat' dir='ltr'><em>deed.</em></span> <span class='ocrx_word' id='word_1_145' title='bbox 1601 1575 1712 1627; x_wconf 79' lang='lat' dir='ltr'><em>They</em></span> <span class='ocrx_word' id='word_1_146' title='bbox 1749 1588 1823 1633; x_wconf 71' lang='lat' dir='ltr'>aro</span> <span class='ocrx_word' id='word_1_147' title='bbox 1856 1588 1897 1614; x_wconf 90' lang='lat' dir='ltr'>so</span> 
     </span>
     <span class='ocr_line' id='line_1_17' title="bbox 413 1642 1898 1696; baseline 0.001 -15"><span class='ocrx_word' id='word_1_148' title='bbox 413 1642 623 1694; x_wconf 81' lang='lat' dir='ltr'>damning</span> <span class='ocrx_word' id='word_1_149' title='bbox 645 1648 685 1682; x_wconf 86' lang='lat' dir='ltr'>to</span> <span class='ocrx_word' id='word_1_150' title='bbox 703 1655 806 1694; x_wconf 87' lang='lat' dir='ltr'>you,</span> <span class='ocrx_word' id='word_1_151' title='bbox 826 1644 1028 1695; x_wconf 79' lang='lat' dir='ltr'>Magnus,</span> <span class='ocrx_word' id='word_1_152' title='bbox 1049 1644 1142 1683; x_wconf 69' lang='lat' dir='ltr'>that</span> <span class='ocrx_word' id='word_1_153' title='bbox 1159 1645 1192 1683; x_wconf 94' lang='lat' dir='ltr'><em>I</em></span> <span class='ocrx_word' id='word_1_154' title='bbox 1204 1644 1345 1684; x_wconf 85' lang='lat' dir='ltr'>would</span> <span class='ocrx_word' id='word_1_155' title='bbox 1368 1650 1486 1696; x_wconf 72' lang='lat' dir='ltr'>sparo</span> <span class='ocrx_word' id='word_1_156' title='bbox 1505 1657 1607 1695; x_wconf 88' lang='lat' dir='ltr'>you,</span> <span class='ocrx_word' id='word_1_157' title='bbox 1628 1657 1734 1683; x_wconf 80' lang='lat' dir='ltr'>were</span> <span class='ocrx_word' id='word_1_158' title='bbox 1764 1644 1800 1684; x_wconf 82' lang='lat' dir='ltr'>it</span> <span class='ocrx_word' id='word_1_159' title='bbox 1826 1648 1898 1684; x_wconf 84' lang='lat' dir='ltr'>not</span> 
     </span>
     <span class='ocr_line' id='line_1_18' title="bbox 401 1710 1414 1765; baseline 0.002 -16"><span class='ocrx_word' id='word_1_160' title='bbox 401 1710 483 1762; x_wconf 79' lang='lat' dir='ltr'>for</span> <span class='ocrx_word' id='word_1_161' title='bbox 489 1723 604 1762; x_wconf 84' lang='lat' dir='ltr'>your</span> <span class='ocrx_word' id='word_1_162' title='bbox 620 1711 844 1764; x_wconf 66' lang='lat' dir='ltr'>ejffrontery</span> <span class='ocrx_word' id='word_1_163' title='bbox 864 1712 912 1751; x_wconf 85' lang='lat' dir='ltr'>in</span> <span class='ocrx_word' id='word_1_164' title='bbox 931 1712 1086 1765; x_wconf 79' lang='lat' dir='ltr'>sitting</span> <span class='ocrx_word' id='word_1_165' title='bbox 1098 1726 1146 1752; x_wconf 88' lang='lat' dir='ltr'>as</span> <span class='ocrx_word' id='word_1_166' title='bbox 1163 1726 1220 1751; x_wconf 89' lang='lat' dir='ltr'>an</span> <span class='ocrx_word' id='word_1_167' title='bbox 1240 1726 1414 1751; x_wconf 81' lang='lat' dir='ltr'>accuser.</span> 
     </span>
    </p>
   </div>
   <div class='ocr_carea' id='block_1_4' title="bbox 307 1818 1969 2954">
    <p class='ocr_par' dir='ltr' id='par_1_4' title="bbox 307 1818 1969 2954">
     <span class='ocr_line' id='line_1_19' title="bbox 376 1818 1969 1884; baseline 0 -15"><span class='ocrx_word' id='word_1_168' title='bbox 376 1823 474 1869; x_wconf 80' lang='lat'>34.</span> <span class='ocrx_word' id='word_1_169' title='bbox 512 1818 779 1867; x_wconf 87' lang='lat' dir='ltr'>Videamus</span> <span class='ocrx_word' id='word_1_170' title='bbox 821 1835 951 1866; x_wconf 92' lang='lat' dir='ltr'>nunc</span> <span class='ocrx_word' id='word_1_171' title='bbox 993 1821 1208 1878; x_wconf 88' lang='lat' dir='ltr'>strictim,</span> <span class='ocrx_word' id='word_1_172' title='bbox 1252 1821 1374 1867; x_wconf 89' lang='lat' dir='ltr'>sicut</span> <span class='ocrx_word' id='word_1_173' title='bbox 1415 1828 1587 1879; x_wconf 90' lang='lat' dir='ltr'>cetera,</span> <span class='ocrx_word' id='word_1_174' title='bbox 1626 1835 1750 1883; x_wconf 91' lang='lat' dir='ltr'>quae</span> <span class='ocrx_word' id='word_1_175' title='bbox 1787 1828 1899 1884; x_wconf 90' lang='lat' dir='ltr'>post</span> <span class='ocrx_word' id='word_1_176' title='bbox 1919 1831 1969 1869; x_wconf 87' lang='lat'>95</span> 
     </span>
     <span class='ocr_line' id='line_1_20' title="bbox 307 1900 1898 1966; baseline 0.001 -17"><span class='ocrx_word' id='word_1_177' title='bbox 307 1911 517 1950; x_wconf 88' lang='lat' dir='ltr'>mortem</span> <span class='ocrx_word' id='word_1_178' title='bbox 545 1901 654 1949; x_wconf 88' lang='lat' dir='ltr'>Sex.</span> <span class='ocrx_word' id='word_1_179' title='bbox 682 1900 849 1948; x_wconf 87' lang='lat' dir='ltr'>Roscii</span> <span class='ocrx_word' id='word_1_180' title='bbox 874 1903 960 1949; x_wconf 88' lang='lat' dir='ltr'>abs</span> <span class='ocrx_word' id='word_1_181' title='bbox 985 1909 1047 1960; x_wconf 91' lang='lat' dir='ltr'>te,</span> <span class='ocrx_word' id='word_1_182' title='bbox 1076 1902 1136 1949; x_wconf 93' lang='lat' dir='ltr'>T.</span> <span class='ocrx_word' id='word_1_183' title='bbox 1166 1901 1328 1960; x_wconf 89' lang='lat' dir='ltr'>Rosci,</span> <span class='ocrx_word' id='word_1_184' title='bbox 1357 1902 1486 1950; x_wconf 87' lang='lat' dir='ltr'>facta</span> <span class='ocrx_word' id='word_1_185' title='bbox 1523 1903 1644 1961; x_wconf 92' lang='lat' dir='ltr'>sint;</span> <span class='ocrx_word' id='word_1_186' title='bbox 1684 1918 1810 1966; x_wconf 88' lang='lat' dir='ltr'>quae</span> <span class='ocrx_word' id='word_1_187' title='bbox 1833 1903 1898 1950; x_wconf 90' lang='lat' dir='ltr'>ita</span> 
     </span>
     <span class='ocr_line' id='line_1_21' title="bbox 308 1983 1898 2046; baseline 0.001 -16"><span class='ocrx_word' id='word_1_188' title='bbox 308 1991 473 2046; x_wconf 90' lang='lat' dir='ltr'>aperta</span> <span class='ocrx_word' id='word_1_189' title='bbox 497 1992 543 2031; x_wconf 91' lang='lat' dir='ltr'>et</span> <span class='ocrx_word' id='word_1_190' title='bbox 567 1983 822 2031; x_wconf 86' lang='lat' dir='ltr'>manifesta</span> <span class='ocrx_word' id='word_1_191' title='bbox 855 1992 980 2042; x_wconf 89' lang='lat' dir='ltr'>sunt,</span> <span class='ocrx_word' id='word_1_192' title='bbox 1006 1992 1058 2030; x_wconf 94' lang='lat' dir='ltr'>ut</span> <span class='ocrx_word' id='word_1_193' title='bbox 1082 2000 1161 2031; x_wconf 93' lang='lat' dir='ltr'>me</span> <span class='ocrx_word' id='word_1_194' title='bbox 1186 1983 1294 2031; x_wconf 91' lang='lat' dir='ltr'>dius</span> <span class='ocrx_word' id='word_1_195' title='bbox 1318 1984 1477 2043; x_wconf 89' lang='lat' dir='ltr'>fidius,</span> <span class='ocrx_word' id='word_1_196' title='bbox 1503 1984 1698 2043; x_wconf 90' lang='lat' dir='ltr'>iudices,</span> <span class='ocrx_word' id='word_1_197' title='bbox 1724 1985 1898 2032; x_wconf 88' lang='lat' dir='ltr'>invitus</span> 
     </span>
     <span class='ocr_line' id='line_1_22' title="bbox 309 2067 1898 2127; baseline 0.001 -12"><span class='ocrx_word' id='word_1_198' title='bbox 309 2083 367 2115; x_wconf 88' lang='lat' dir='ltr'>ea</span> <span class='ocrx_word' id='word_1_199' title='bbox 404 2067 592 2125; x_wconf 79' lang='lat' dir='ltr'>dicam3</span> <span class='ocrx_word' id='word_1_200' title='bbox 629 2082 799 2114; x_wconf 89' lang='lat' dir='ltr'>vereor</span> <span class='ocrx_word' id='word_1_201' title='bbox 835 2068 982 2126; x_wconf 80' lang='lat' dir='ltr'>enim,</span> <span class='ocrx_word' id='word_1_202' title='bbox 1017 2067 1308 2116; x_wconf 90' lang='lat' dir='ltr'>cuicuimodi</span> <span class='ocrx_word' id='word_1_203' title='bbox 1345 2083 1412 2127; x_wconf 90' lang='lat' dir='ltr'>es,</span> <span class='ocrx_word' id='word_1_204' title='bbox 1441 2067 1503 2115; x_wconf 89' lang='lat' dir='ltr'>T.</span> <span class='ocrx_word' id='word_1_205' title='bbox 1532 2067 1697 2126; x_wconf 90' lang='lat' dir='ltr'>Rosci,</span> <span class='ocrx_word' id='word_1_206' title='bbox 1734 2083 1795 2115; x_wconf 93' lang='lat' dir='ltr'>ne</span> <span class='ocrx_word' id='word_1_207' title='bbox 1831 2068 1898 2116; x_wconf 86' lang='lat' dir='ltr'>ita</span> 
     </span>
     <span class='ocr_line' id='line_1_23' title="bbox 308 2149 1897 2213; baseline 0.001 -17"><span class='ocrx_word' id='word_1_208' title='bbox 308 2149 438 2197; x_wconf 91' lang='lat' dir='ltr'>hunc</span> <span class='ocrx_word' id='word_1_209' title='bbox 462 2149 626 2195; x_wconf 90' lang='lat' dir='ltr'>videar</span> <span class='ocrx_word' id='word_1_210' title='bbox 662 2149 873 2197; x_wconf 89' lang='lat' dir='ltr'>voluisse</span> <span class='ocrx_word' id='word_1_211' title='bbox 910 2165 1115 2206; x_wconf 89' lang='lat' dir='ltr'>servare,</span> <span class='ocrx_word' id='word_1_212' title='bbox 1140 2158 1192 2196; x_wconf 91' lang='lat' dir='ltr'>ut</span> <span class='ocrx_word' id='word_1_213' title='bbox 1227 2150 1314 2196; x_wconf 92' lang='lat' dir='ltr'>tibi</span> <span class='ocrx_word' id='word_1_214' title='bbox 1350 2150 1553 2197; x_wconf 90' lang='lat' dir='ltr'>omnino</span> <span class='ocrx_word' id='word_1_215' title='bbox 1591 2166 1691 2199; x_wconf 92' lang='lat' dir='ltr'>non</span> <span class='ocrx_word' id='word_1_216' title='bbox 1726 2165 1897 2213; x_wconf 89' lang='lat' dir='ltr'>peper-</span> 
     </span>
     <span class='ocr_line' id='line_1_24' title="bbox 310 2231 1898 2296; baseline 0.001 -17"><span class='ocrx_word' id='word_1_217' title='bbox 310 2232 471 2279; x_wconf 89' lang='lat' dir='ltr'>cerim.</span> <span class='ocrx_word' id='word_1_218' title='bbox 533 2231 659 2279; x_wconf 87' lang='lat' dir='ltr'>Cum</span> <span class='ocrx_word' id='word_1_219' title='bbox 684 2231 779 2279; x_wconf 90' lang='lat' dir='ltr'>hoc</span> <span class='ocrx_word' id='word_1_220' title='bbox 797 2247 963 2279; x_wconf 92' lang='lat' dir='ltr'>vereor</span> <span class='ocrx_word' id='word_1_221' title='bbox 987 2241 1033 2279; x_wconf 90' lang='lat' dir='ltr'>et</span> <span class='ocrx_word' id='word_1_222' title='bbox 1058 2232 1203 2294; x_wconf 91' lang='lat' dir='ltr'>cupio</span> <span class='ocrx_word' id='word_1_223' title='bbox 1227 2232 1311 2279; x_wconf 93' lang='lat' dir='ltr'>tibi</span> <span class='ocrx_word' id='word_1_224' title='bbox 1337 2232 1497 2294; x_wconf 91' lang='lat' dir='ltr'>aliqua</span> <span class='ocrx_word' id='word_1_225' title='bbox 1517 2248 1578 2279; x_wconf 88' lang='lat' dir='ltr'>ex</span> <span class='ocrx_word' id='word_1_226' title='bbox 1595 2240 1747 2295; x_wconf 89' lang='lat' dir='ltr'>parte,</span> <span class='ocrx_word' id='word_1_227' title='bbox 1765 2232 1898 2296; x_wconf 89' lang='lat' dir='ltr'>quod</span> 
     </span>
     <span class='ocr_line' id='line_1_25' title="bbox 311 2312 1899 2377; baseline 0 -16"><span class='ocrx_word' id='word_1_228' title='bbox 311 2313 439 2361; x_wconf 88' lang='lat' dir='ltr'>salva</span> <span class='ocrx_word' id='word_1_229' title='bbox 487 2312 580 2360; x_wconf 91' lang='lat' dir='ltr'>fide</span> <span class='ocrx_word' id='word_1_230' title='bbox 628 2314 828 2376; x_wconf 87' lang='lat' dir='ltr'>possim,</span> <span class='ocrx_word' id='word_1_231' title='bbox 878 2330 1088 2377; x_wconf 88' lang='lat' dir='ltr'>parcere,</span> <span class='ocrx_word' id='word_1_232' title='bbox 1138 2330 1303 2362; x_wconf 89' lang='lat' dir='ltr'>rursus</span> <span class='ocrx_word' id='word_1_233' title='bbox 1350 2315 1555 2363; x_wconf 90' lang='lat' dir='ltr'>immuto</span> <span class='ocrx_word' id='word_1_234' title='bbox 1603 2315 1899 2363; x_wconf 91' lang='lat' dir='ltr'>voluntatem</span> 
     </span>
     <span class='ocr_line' id='line_1_26' title="bbox 309 2396 1898 2456; baseline 0.002 -14"><span class='ocrx_word' id='word_1_235' title='bbox 309 2410 503 2443; x_wconf 89' lang='lat' dir='ltr'>meam:</span> <span class='ocrx_word' id='word_1_236' title='bbox 543 2397 669 2442; x_wconf 92' lang='lat' dir='ltr'>venit</span> <span class='ocrx_word' id='word_1_237' title='bbox 706 2396 836 2443; x_wconf 91' lang='lat' dir='ltr'>enim</span> <span class='ocrx_word' id='word_1_238' title='bbox 873 2396 990 2443; x_wconf 90' lang='lat' dir='ltr'>mihi</span> <span class='ocrx_word' id='word_1_239' title='bbox 1026 2397 1075 2443; x_wconf 90' lang='lat' dir='ltr'>in</span> <span class='ocrx_word' id='word_1_240' title='bbox 1113 2406 1326 2445; x_wconf 91' lang='lat' dir='ltr'>mentem</span> <span class='ocrx_word' id='word_1_241' title='bbox 1362 2398 1460 2446; x_wconf 91' lang='lat' dir='ltr'>oris</span> <span class='ocrx_word' id='word_1_242' title='bbox 1497 2398 1595 2445; x_wconf 90' lang='lat' dir='ltr'>tui:</span> <span class='ocrx_word' id='word_1_243' title='bbox 1634 2404 1759 2456; x_wconf 92' lang='lat' dir='ltr'>tene,</span> <span class='ocrx_word' id='word_1_244' title='bbox 1785 2413 1898 2445; x_wconf 91' lang='lat' dir='ltr'>cum</span> 
     </span>
     <span class='ocr_line' id='line_1_27' title="bbox 311 2478 1899 2541; baseline 0.001 -16"><span class='ocrx_word' id='word_1_245' title='bbox 311 2478 456 2525; x_wconf 92' lang='lat' dir='ltr'>ceteri</span> <span class='ocrx_word' id='word_1_246' title='bbox 481 2479 596 2525; x_wconf 91' lang='lat' dir='ltr'>socii</span> <span class='ocrx_word' id='word_1_247' title='bbox 623 2480 690 2524; x_wconf 87' lang='lat' dir='ltr'>tui</span> <span class='ocrx_word' id='word_1_248' title='bbox 715 2478 934 2541; x_wconf 89' lang='lat' dir='ltr'>fugerent</span> <span class='ocrx_word' id='word_1_249' title='bbox 960 2495 1017 2526; x_wconf 92' lang='lat' dir='ltr'>ac</span> <span class='ocrx_word' id='word_1_250' title='bbox 1045 2495 1095 2527; x_wconf 92' lang='lat' dir='ltr'>se</span> <span class='ocrx_word' id='word_1_251' title='bbox 1123 2480 1433 2539; x_wconf 88' lang='lat' dir='ltr'>occultarent,</span> <span class='ocrx_word' id='word_1_252' title='bbox 1460 2490 1510 2528; x_wconf 91' lang='lat' dir='ltr'>ut</span> <span class='ocrx_word' id='word_1_253' title='bbox 1547 2480 1641 2529; x_wconf 93' lang='lat' dir='ltr'>hoc</span> <span class='ocrx_word' id='word_1_254' title='bbox 1673 2481 1899 2528; x_wconf 86' lang='lat' dir='ltr'>iudicium</span> 
     </span>
     <span class='ocr_line' id='line_1_28' title="bbox 312 2560 1898 2623; baseline 0.003 -17"><span class='ocrx_word' id='word_1_255' title='bbox 312 2575 413 2607; x_wconf 89' lang='lat' dir='ltr'>non</span> <span class='ocrx_word' id='word_1_256' title='bbox 438 2561 498 2607; x_wconf 89' lang='lat' dir='ltr'>de</span> <span class='ocrx_word' id='word_1_257' title='bbox 522 2560 716 2607; x_wconf 90' lang='lat' dir='ltr'>illorum</span> <span class='ocrx_word' id='word_1_258' title='bbox 741 2561 935 2623; x_wconf 87' lang='lat' dir='ltr'>praeda,</span> <span class='ocrx_word' id='word_1_259' title='bbox 964 2561 1048 2608; x_wconf 89' lang='lat' dir='ltr'>sed</span> <span class='ocrx_word' id='word_1_260' title='bbox 1075 2562 1133 2610; x_wconf 95' lang='lat' dir='ltr'>de</span> <span class='ocrx_word' id='word_1_261' title='bbox 1159 2562 1302 2609; x_wconf 90' lang='lat' dir='ltr'>huius</span> <span class='ocrx_word' id='word_1_262' title='bbox 1327 2563 1566 2610; x_wconf 88' lang='lat' dir='ltr'>maleficio</span> <span class='ocrx_word' id='word_1_263' title='bbox 1593 2563 1692 2611; x_wconf 89' lang='lat' dir='ltr'>fieri</span> <span class='ocrx_word' id='word_1_264' title='bbox 1717 2562 1898 2610; x_wconf 90' lang='lat' dir='ltr'>videre-</span> 
     </span>
     <span class='ocr_line' id='line_1_29' title="bbox 311 2643 1899 2707; baseline 0.003 -20"><span class='ocrx_word' id='word_1_265' title='bbox 311 2650 401 2699; x_wconf 91' lang='lat' dir='ltr'>tur,</span> <span class='ocrx_word' id='word_1_266' title='bbox 427 2643 731 2703; x_wconf 90' lang='lat' dir='ltr'>potissimum</span> <span class='ocrx_word' id='word_1_267' title='bbox 757 2645 841 2690; x_wconf 89' lang='lat' dir='ltr'>tibi</span> <span class='ocrx_word' id='word_1_268' title='bbox 865 2644 1011 2706; x_wconf 76' lang='lat' dir='ltr'>partis</span> <span class='ocrx_word' id='word_1_269' title='bbox 1044 2644 1158 2691; x_wconf 88' lang='lat' dir='ltr'>istas</span> <span class='ocrx_word' id='word_1_270' title='bbox 1192 2644 1548 2707; x_wconf 81' lang='lat' dir='ltr'>depoposcisse,</span> <span class='ocrx_word' id='word_1_271' title='bbox 1572 2654 1624 2692; x_wconf 95' lang='lat' dir='ltr'>ut</span> <span class='ocrx_word' id='word_1_272' title='bbox 1649 2646 1698 2692; x_wconf 92' lang='lat' dir='ltr'>in</span> <span class='ocrx_word' id='word_1_273' title='bbox 1722 2645 1899 2693; x_wconf 89' lang='lat' dir='ltr'>iudicio</span> 
     </span>
     <span class='ocr_line' id='line_1_30' title="bbox 311 2727 1898 2786; baseline 0.003 -16"><span class='ocrx_word' id='word_1_274' title='bbox 311 2740 550 2772; x_wconf 87' lang='lat' dir='ltr'>versarere</span> <span class='ocrx_word' id='word_1_275' title='bbox 593 2735 640 2773; x_wconf 89' lang='lat' dir='ltr'>et</span> <span class='ocrx_word' id='word_1_276' title='bbox 682 2727 871 2774; x_wconf 89' lang='lat' dir='ltr'>sederes</span> <span class='ocrx_word' id='word_1_277' title='bbox 914 2743 1027 2774; x_wconf 93' lang='lat' dir='ltr'>cum</span> <span class='ocrx_word' id='word_1_278' title='bbox 1067 2729 1385 2776; x_wconf 86' lang='lat' dir='ltr'>accusatore?</span> <span class='ocrx_word' id='word_1_279' title='bbox 1458 2728 1569 2786; x_wconf 86' lang='lat' dir='ltr'>Qua</span> <span class='ocrx_word' id='word_1_280' title='bbox 1608 2729 1656 2775; x_wconf 91' lang='lat' dir='ltr'>in</span> <span class='ocrx_word' id='word_1_281' title='bbox 1696 2744 1746 2775; x_wconf 92' lang='lat' dir='ltr'>re</span> <span class='ocrx_word' id='word_1_282' title='bbox 1784 2728 1898 2775; x_wconf 89' lang='lat' dir='ltr'>nihil</span> 
     </span>
     <span class='ocr_line' id='line_1_31' title="bbox 313 2806 1898 2869; baseline 0.004 -17"><span class='ocrx_word' id='word_1_283' title='bbox 313 2806 444 2853; x_wconf 89' lang='lat' dir='ltr'>aliud</span> <span class='ocrx_word' id='word_1_284' title='bbox 480 2807 768 2869; x_wconf 86' lang='lat' dir='ltr'>adsequeris,</span> <span class='ocrx_word' id='word_1_285' title='bbox 801 2810 891 2855; x_wconf 84' lang='lat' dir='ltr'>nisi</span> <span class='ocrx_word' id='word_1_286' title='bbox 930 2818 981 2857; x_wconf 92' lang='lat' dir='ltr'>ut</span> <span class='ocrx_word' id='word_1_287' title='bbox 1017 2812 1079 2857; x_wconf 90' lang='lat' dir='ltr'>ab</span> <span class='ocrx_word' id='word_1_288' title='bbox 1114 2810 1342 2858; x_wconf 89' lang='lat' dir='ltr'>omnibus</span> <span class='ocrx_word' id='word_1_289' title='bbox 1378 2810 1661 2858; x_wconf 87' lang='lat' dir='ltr'>mortalibus</span> <span class='ocrx_word' id='word_1_290' title='bbox 1698 2810 1898 2858; x_wconf 85' lang='lat' dir='ltr'>audacia</span> 
     </span>
     <span class='ocr_line' id='line_1_32' title="bbox 313 2892 1146 2954; baseline 0.004 -18"><span class='ocrx_word' id='word_1_291' title='bbox 313 2899 398 2936; x_wconf 90' lang='lat' dir='ltr'>tua</span> <span class='ocrx_word' id='word_1_292' title='bbox 419 2899 741 2953; x_wconf 82' lang='lat' dir='ltr'>cognoscatur</span> <span class='ocrx_word' id='word_1_293' title='bbox 766 2900 811 2938; x_wconf 92' lang='lat' dir='ltr'>et</span> <span class='ocrx_word' id='word_1_294' title='bbox 836 2892 1146 2954; x_wconf 87' lang='lat' dir='ltr'>impudentia.</span> 
     </span>
    </p>
   </div>
  </div>
 </body>
</html>
