2132 3094
283 179 348 230 88
575 189 693 229 PRO
731 187 869 229 SEX.
908 187 1143 230 ROSCIO.
1219 178 1278 247 ῥῷ
1308 187 1573 247 147—149.

280 323 473 382 habere,
511 321 628 369 nihil
665 321 856 380 audere,
898 321 1017 369 nihil
1058 336 1218 385 posse,
1258 321 1376 370 nihil
1415 337 1651 387 umquam
1695 329 1863 372 contra

282 421 385 452 rem
410 413 543 452 tuam
569 404 822 467 cogitasse,
848 412 895 452 et
918 412 1083 452 tamen
1106 419 1364 468 oppugnas
1386 420 1514 464 eum,
1535 421 1682 469 quem
1706 420 1864 469 neque

280 497 495 535 metuere
542 495 684 550 potes
725 503 884 551 neque
927 487 1088 535 odisse
1130 487 1280 537 debes
1325 503 1413 536 nec
1462 489 1723 552 quicquam
1766 489 1883 550 iarn,

280 571 459 618 habere
493 570 662 634 reliqui
699 569 830 617 vides
870 569 1002 633 quod
1041 570 1084 618 ei
1123 569 1373 618 detrahere
1415 571 1603 633 possis:
1638 571 1729 618 nisi
1770 571 1864 618 hoc

280 653 536 715 indignum
577 660 729 715 putas,
769 652 902 715 quod
937 652 1162 700 vestitum
1205 653 1371 701 sedere
1413 654 1464 700 in
1501 654 1680 703 iudicio
1716 654 1881 712 vides,-

282 751 427 800 quem
462 742 514 782 tu
549 751 575 782 e
611 735 901 798 patrimonio
934 743 1182 798 tamquam
1217 751 1243 784 e
1279 735 1534 799 naufragio
1571 736 1757 784 nudum
1782 753 1866 785 ex-

281 818 470 881 pulisti;
509 818 646 880 quasi
670 833 783 865 vero
810 817 996 865 nescias
1022 817 1151 866 hunc
1176 826 1222 866 et
1246 819 1307 866 ali
1331 826 1380 866 et
1403 820 1562 867 vestiri
1586 836 1615 867 a
1639 819 1864 877 Caecilia,

284 898 530 969 [Baliarici
553 900 663 959 filia,
692 897 898 961 Nepotis
925 897 1127 967 sorore,]
1153 901 1507 964 spectatissima
1529 901 1723 960 femina,
1741 918 1864 966 quae

281 999 394 1032 cum
430 982 746 1030 clarissimum
783 990 985 1044 patrem,
1022 983 1348 1046 amplissimos
1383 992 1597 1047 patruos,
1624 985 1868 1033 ornatissi-

281 1082 417 1113 mum
459 1064 652 1112 fratrem
686 1064 896 1124 haberet,
934 1073 1114 1124 tamen,
1157 1081 1270 1114 cum
1311 1075 1436 1114 esset
1472 1067 1654 1125 mulier,
1699 1067 1876 1115 virtute>

281 1147 493 1211 perfecit,
519 1155 572 1194 ut
608 1156 792 1210 quanto
829 1147 1016 1196 honore
1052 1148 1155 1210 ipsa
1191 1165 1252 1196 ex
1288 1149 1480 1197 illorum
1515 1149 1749 1212 dignitate
1783 1149 1867 1197 ad-

281 1230 513 1287 ficeretur,
551 1245 651 1277 non
687 1230 878 1279 minora
913 1230 1003 1278 illis
1039 1239 1326 1278 ornamenta
1366 1247 1426 1290 ex
1463 1247 1551 1280 sua
1585 1231 1727 1280 laude
1762 1231 1868 1279 red-

281 1311 425 1361 deret.
493 1317 591 1362 51.
621 1312 703 1360 An
722 1312 856 1376 quod
875 1312 1129 1375 diligenter
1148 1312 1427 1372 defenditur,
1447 1313 1498 1361 id
1516 1313 1600 1361 tibi
1614 1314 1868 1378 indignum
1893 1322 1969 1360 148

281 1395 466 1443 facinus
490 1395 715 1443 videtur?
752 1395 877 1442 Mihi
901 1395 1060 1454 crede,
1094 1395 1134 1442 si
1169 1412 1259 1458 pro
1295 1396 1445 1459 patris
1478 1395 1622 1444 huius
1646 1395 1866 1460 hospitiis

219 1495 222 1497 ·
281 1485 328 1526 et
362 1479 517 1541 gratia
540 1477 716 1526 vellent
740 1493 914 1526 omnes
937 1477 1079 1525 huius
1103 1478 1318 1541 hospites
1344 1477 1516 1526 adesse
1551 1485 1603 1526 et
1636 1478 1869 1526 auderent

281 1561 429 1608 libere
468 1560 743 1618 defendere,
787 1561 901 1608 satis
943 1560 1142 1623 copiose
1177 1559 1544 1621 defenderetur3
1592 1561 1668 1608 sin
1704 1568 1867 1609 autem

285 1660 375 1706 pro
414 1642 747 1706 magnitudine
786 1643 987 1690 iniuriae
1023 1658 1209 1706 proque
1253 1658 1327 1703 eo,
1373 1643 1508 1707 quod
1556 1658 1746 1692 summa
1793 1657 1869 1691 res

281 1726 477 1789 publica
518 1726 569 1773 in
610 1725 750 1773 huius
778 1725 992 1789 periculo
1029 1733 1304 1788 temptatur,
1343 1725 1462 1773 haec
1505 1740 1676 1773 omnes
1717 1724 1869 1772 vindi-

284 1816 464 1866 carent,
484 1808 746 1856 consistere
770 1807 1044 1855 mehercule
1061 1808 1199 1855 vobis
1223 1807 1315 1855 isto
1340 1808 1390 1854 in
1414 1807 1527 1856 loco
1554 1823 1654 1856 non
1677 1807 1870 1855 liceret:

274 1906 414 1950 ¹nunc
450 1891 516 1938 ita
552 1890 838 1948 defenditur,
862 1905 965 1938 non
1002 1905 1116 1938 sane
1150 1897 1202 1937 ut
1237 1890 1442 1938 moleste
1466 1889 1584 1938 ferre
1617 1889 1871 1938 adversarii
1977 1948 1980 1951 y

285 1972 505 2031 debeant,
550 1988 707 2035 neque
755 1981 807 2020 ut
855 1987 905 2020 se
953 1973 1173 2036 potentia
1211 1972 1423 2035 superari
1461 1980 1645 2035 putent.
1729 1971 1869 2031 Quae
1894 1981 1969 2020 149

285 2055 419 2104 domi
454 2055 668 2118 gerenda
704 2062 829 2114 sunt,
873 2070 931 2102 ea
966 2071 1052 2117 per
1089 2054 1350 2102 Caeciliam
1385 2055 1743 2118 transiguntur3
1779 2053 1871 2102 fori

285 2138 543 2202 iudiciique
569 2138 805 2186 rationem
844 2136 915 2183 M.
943 2136 1170 2196 Messala,
1197 2145 1251 2184 ut
1275 2137 1460 2195 videtis,
1485 2137 1680 2195 iudices,
1707 2151 1869 2185 susce-

285 2221 354 2282 pit
371 2237 385 2280 3
423 2221 505 2283 qui
530 2220 568 2267 si
585 2221 683 2267 iam
709 2221 820 2267 satis
845 2220 1010 2268 aetatis
1036 2227 1181 2282 atque
1207 2219 1394 2267 roboris
1418 2218 1630 2278 haberet,
1655 2219 1756 2282 ipse
1779 2234 1871 2282 pro.

291 2302 399 2350 Sex.
428 2302 607 2351 Roscio
643 2303 851 2351 diceret:
891 2303 1123 2365 quoniam
1148 2302 1211 2349 ad
1235 2301 1491 2349 dicendum
1521 2301 1871 2364 impedimento

287 2393 358 2432 est
381 2394 509 2432 aetas
533 2393 580 2433 et
602 2384 763 2448 pudor
787 2385 868 2448 qui
894 2393 1034 2432 ornat
1059 2392 1279 2444 aetatem,
1305 2399 1500 2432 causam
1524 2383 1642 2431 mihi
1664 2383 1870 2439 tradidit,

290 2483 436 2530 quem
462 2483 549 2515 sua
581 2483 727 2515 causa
760 2483 938 2530 cupere
969 2482 1026 2515 ac
1063 2467 1236 2515 debere
1271 2466 1592 2530 intellegebat,
1618 2466 1721 2529 ipse
1751 2465 1873 2514 adsi-

290 2549 481 2607 duitate,
527 2549 742 2608 consilio,
787 2550 1082 2608 auctoritate,
1124 2549 1373 2612 diligentia
1413 2548 1625 2612 perfecit,
1666 2556 1720 2596 ut
1762 2547 1872 2596 Sex.

291 2630 459 2678 Roscii
481 2631 575 2678 vita
599 2641 761 2694 erepta
790 2631 849 2678 de
874 2632 1098 2680 manibus
1123 2641 1363 2680 sectorum
1389 2631 1636 2680 sententiis
1659 2630 1872 2678 iudicum

291 2712 652 2775 permitteretur.
724 2712 980 2772 Nimirum,
1005 2714 1202 2772 iudices,
1228 2729 1317 2777 pro
1353 2713 1443 2761 hac
1480 2713 1727 2762 nobilitate
1760 2728 1872 2777 pars

291 2794 504 2840 maxima
540 2794 738 2842 civitatis
775 2795 827 2842 in
868 2795 1014 2843 armis
1045 2795 1133 2842 fuit
1151 2812 1164 2855 ;
1199 2795 1319 2844 haec
1357 2803 1464 2843 aeta
1503 2810 1579 2843 res
1619 2803 1704 2854 est,
1740 2802 1794 2842 ut
1827 2795 1872 2842 ei

294 2875 479 2924 nobiles
503 2876 859 2925 restituerentur
896 2877 948 2924 in
983 2877 1238 2936 civitatem,
1265 2877 1347 2941 qui
1369 2876 1462 2925 hoc
1487 2876 1715 2935 facerent,
1740 2875 1872 2941 quod
