2060 3086
549 194 666 236 PRO
704 191 838 236 SEX.
876 195 1104 236 ROSCIO.
1181 182 1240 252 ᾧῷ
1266 181 1461 250 56—58.
1717 193 1787 252 53

227 327 397 376 dicere.
466 325 727 375 Anseribus
750 326 926 375 cibaria
959 326 1148 389 publice
1173 325 1392 375 locantur
1414 334 1462 374 et
1485 341 1628 374 canes
1652 323 1789 374 alun-

227 417 303 455 tur
336 408 387 455 in
421 408 676 471 Capitolio,
702 417 754 456 ut
785 408 1053 470 significent
1087 408 1127 456 si
1162 407 1290 456 fures
1313 408 1555 467 venerint3
1590 416 1638 455 at
1660 406 1789 455 fures

226 489 546 538 internoscere
569 505 670 537 non
694 496 898 553 possunt
918 505 931 550 3
969 490 1238 551 significant
1270 497 1449 548 tamen,
1473 489 1513 536 si
1536 489 1618 552 qui
1641 495 1791 536 noctu

226 571 278 618 in
313 571 605 634 Capitolium
630 572 855 631 venerint,
880 580 928 620 et
958 572 1070 634 quia
1091 571 1141 619 id
1163 580 1236 619 est
1259 571 1580 635 suspitiosum,
1605 571 1792 619 tametsi

227 653 406 701 bestiae
431 661 556 711 sunt,
587 660 748 700 tamen
783 653 832 700 in
868 669 978 700 eam
1012 662 1196 716 partem
1231 654 1391 716 potius
1425 660 1641 716 peccant,
1666 666 1793 715 quae

227 741 300 781 est
323 734 515 782 cautior.
586 734 775 792 Quodsi
798 734 905 782 luce
937 750 1133 798 quoque
1163 750 1307 783 canes
1331 734 1515 793 latrent,
1540 748 1651 782 cum
1675 734 1792 781 deos

228 814 484 862 salutatum
520 815 664 878 aliqui
688 816 918 874 venerint,
951 816 1141 878 opinor,
1163 817 1232 864 eis
1262 831 1400 864 crura
1434 816 1792 878 suffringantur‚

154 901 204 944 57
228 896 360 959 quod
384 911 519 944 acres
543 897 635 944 sint
658 897 802 944 etiam
825 906 942 956 tum,
969 913 1083 945 cum
1112 897 1310 961 suspitio
1334 897 1464 945 nulla
1488 897 1563 945 sit.
1634 896 1794 944 Simil-

228 977 342 1024 lima
383 986 455 1026 est
493 986 827 1027 accusatorum
868 980 1019 1027 ratio:
1073 979 1152 1027 alii
1188 988 1398 1027 vestrum
1439 994 1631 1027 anseres
1666 987 1792 1038 sunt,

229 1058 311 1121 qui
335 1067 520 1119 tantum
545 1059 693 1108 modo
717 1060 940 1118 clamant,
967 1076 1139 1109 nocere
1164 1076 1264 1109 non
1286 1069 1501 1123 possunt,
1527 1061 1606 1109 alii
1631 1075 1793 1120 canes,

228 1135 310 1202 qui
346 1148 392 1187 et
426 1140 594 1188 latrare
619 1149 666 1188 et
691 1141 911 1189 mordere
937 1151 1174 1204 possunt:
1212 1143 1389 1190 cibaria
1411 1143 1546 1190 vobis
1573 1142 1795 1206 praeberi

229 1221 471 1280 videmus3
525 1238 610 1271 vos
648 1232 808 1271 autem
847 1223 1056 1271 maxime
1103 1224 1286 1272 debetis
1333 1224 1384 1271 in
1430 1240 1515 1272 eos
1561 1225 1799 1287 impeturnr

228 1301 397 1362 facere,
457 1304 539 1367 qui
596 1313 865 1364 merentur;
924 1305 1018 1354 hoc
1071 1305 1252 1369 populo
1310 1307 1634 1369 gratissimum
1691 1313 1795 1354 est:

229 1384 417 1443 deinde,
443 1386 482 1433 si
504 1385 684 1445 voletis,
709 1387 852 1434 etiam
875 1395 991 1444 tum,
1017 1402 1127 1435 cum
1152 1388 1251 1435 veri
1283 1388 1434 1436 simile
1468 1389 1555 1436 erit
1586 1388 1801 1451 aliquem

228 1468 537 1526 commisisse,
573 1469 623 1515 in
666 1469 925 1531 suspitione
966 1469 1196 1518 latratote.
1267 1469 1325 1517 Id
1359 1486 1553 1533 quoque
1593 1470 1793 1519 concedi

228 1557 396 1612 potest.
470 1549 554 1597 Sin
588 1559 747 1598 autem
780 1551 847 1599 sic
876 1552 1042 1614 agetis,
1069 1559 1119 1599 ut
1143 1552 1352 1615 arguatis
1376 1552 1583 1615 aliquem
1606 1560 1793 1615 patrem

228 1631 460 1679 occidisse
485 1647 643 1695 neque
669 1632 824 1680 dicere
857 1633 1048 1696 possitis
1081 1642 1161 1680 aut
1196 1649 1292 1697 qua
1328 1650 1378 1681 re
1416 1642 1496 1681 aut
1520 1649 1619 1697 quo
1643 1634 1802 1681 modo-

228 1728 285 1761 ac
323 1721 510 1761 tanturn
544 1714 694 1762 modo
727 1715 829 1763 sine
860 1715 1122 1777 suspitione
1158 1714 1400 1775 latrabitis,
1426 1731 1563 1764 crura
1597 1716 1793 1779 quidem

228 1794 364 1842 vobis
400 1810 544 1842 nemo
583 1795 845 1858 suffringet,
884 1796 970 1843 sed
1008 1797 1047 1843 si
1087 1812 1181 1859 ego
1222 1797 1311 1844 hos
1347 1798 1470 1845 bene
1509 1797 1633 1856 novi,
1670 1797 1792 1844 litte—

227 1890 330 1923 ram
366 1876 510 1935 illam,
549 1877 626 1924 cui
650 1893 734 1924 vos
766 1893 919 1940 usque
948 1893 1006 1925 eo
1041 1878 1219 1925 inimici
1255 1879 1379 1937 estis,
1417 1887 1471 1926 ut
1506 1879 1649 1926 etiam
1683 1878 1794 1925 Kal.

227 1958 385 2006 omnis
444 1957 652 2017 oderitis,
701 1959 764 2006 ita
809 1959 1114 2008 vehementer
1161 1960 1222 2007 ad
1279 1969 1424 2022 caput
1468 1961 1693 2022 adfigent,
1743 1969 1797 2007 ut.

227 2048 395 2102 postea
452 2042 697 2087 neminem
744 2041 891 2088 alium
936 2042 1026 2089 nisi
1084 2041 1294 2089 fortunas
1341 2048 1519 2089 vestras
1569 2057 1792 2090 accusare

227 2122 435 2184 possitis.

240 2280 351 2318 Your
367 2279 621 2318 carelessness
639 2293 715 2318 can
734 2279 830 2331 only
850 2280 892 2319 be
910 2280 1207 2332 accountedfhr
1222 2279 1270 2332 by
1287 2294 1314 2320 a
1333 2280 1459 2332 belief
1466 2281 1559 2319 tlzat
1585 2294 1654 2331 my
1671 2281 1795 2319 client

337 2348 478 2386 would
484 2348 593 2400 find
614 2361 666 2387 no
694 2361 766 2387 one
793 2354 832 2387 to
858 2349 1008 2400 defend
1030 2349 1144 2388 lzim:
1182 2349 1255 2387 but
1281 2350 1329 2388 in
1357 2349 1448 2388 tlzat
1465 2362 1551 2399 you
1582 2349 1683 2387 leave
1701 2349 1793 2388 been

337 2415 550 2454 mistaken.

153 2541 204 2579 58
297 2532 394 2577 21.
433 2526 564 2585 Quid
582 2527 697 2574 mihi
713 2528 774 2575 ad
793 2527 1148 2576 defendendum
1171 2528 1356 2585 dedisti,
1376 2530 1502 2576 bone
1518 2530 1792 2576 accusator?
1814 2535 1966 2573 Alter-

228 2609 344 2670 quid
391 2609 522 2657 hisce
558 2617 718 2657 autem
753 2610 815 2657 ad
858 2610 1232 2672 suspicandum?
1289 2607 1393 2656 ‘Ne
1428 2609 1792 2657 exheredaretur
1814 2591 1951 2629 catio.

230 2691 401 2738 veritus
438 2689 536 2738 est.'
610 2696 621 2718 ‘
641 2691 817 2749 Audio,
860 2690 944 2738 sed
985 2706 1078 2753 qua
1121 2691 1179 2738 de
1215 2706 1359 2738 causa
1395 2691 1543 2738 vereri
1580 2691 1793 2740 debuerit

230 2787 373 2819 nemo
416 2773 560 2820 dicit?
633 2777 643 2797 ‘
666 2773 894 2819 Habebat
931 2781 1064 2834 pater
1107 2773 1154 2819 in
1201 2770 1390 2820 animo.'
1463 2772 1667 2820 Planum
1703 2773 1790 2821 fae.

232 2853 363 2901 Nihil
389 2862 489 2902 est:
516 2870 628 2913 non,
648 2854 842 2917 quicum
867 2854 1150 2913 deliberarit,
1171 2869 1316 2918 quem
1340 2856 1593 2903 certiorem
1616 2855 1790 2914 fecerit,
