2132 3094
528 189 653 232 ‚PRO
690 189 826 230 SEX.
865 189 1099 230 ROSCIO·
1179 177 1240 246 ξξ
1284 178 1545 229 106-110.
1754 189 1820 244 73

156 329 232 372 107
256 321 524 370 clientelam
549 323 864 371 contulerunt.
934 322 1075 370 Haec
1102 336 1302 384 possum
1333 319 1495 368 omnia
1519 335 1625 367 vere
1650 319 1821 377 dicere,

256 403 341 452 sed
375 404 425 451 in
460 404 551 453 hac
586 420 732 453 causa
766 405 1039 453 coniectura
1074 403 1190 450 nihil
1225 418 1349 465 opus
1384 411 1485 450 est:
1530 402 1661 464 ipsos
1692 410 1822 448 certo

255 486 356 535 scio
392 501 491 534 non
526 502 702 549 negare
739 486 800 534 ad
835 486 955 534 haec
990 487 1121 533 bona
1156 484 1531 547 Chrysogonum
1564 484 1822 531 accessisse

254 568 462 630 impulsu
487 585 591 618 suo.
666 569 715 616 Si
738 584 864 627 eum,
890 570 971 631 qui
998 567 1158 615 indicii
1182 575 1368 630 partem
1393 566 1643 627 acceperit,
1670 565 1822 611 oculis

253 649 470 709 cernetis,
498 651 777 712 poteritisne
802 651 1036 710 dubitare,
1067 649 1261 708 iudices,
1289 649 1395 711 quis
1426 648 1675 695 indicarit?
1724 646 1822 704 Qui

253 740 363 779 sunt
408 732 550 794 igitur
595 733 646 780 in
692 733 792 780 istis
832 732 986 789 bonis,
1029 732 1201 794 quibus
1248 739 1433 794 partem
1476 729 1822 792 Chrysogonus

254 813 467 861 dederit?
527 814 641 862 Duo
668 814 846 862 Roscii.
917 814 1048 861 Num
1075 813 1297 875 quisnam
1322 813 1600 874 praeterea?
1661 809 1822 857 Nemo

253 902 338 953 est,
357 895 550 943 iudices·
600 895 732 943 Num
752 911 869 958 ergo
895 895 1095 942 dubium
1119 902 1190 941 est
1211 894 1327 957 quin
1352 894 1396 941 ei
1421 893 1676 942 obtulerint
1699 892 1823 939 hanc

251 976 483 1039 praedam
508 976 843 1039 Chrysogono,
866 978 947 1039 qui
971 978 1033 1023 ab
1058 992 1117 1024 eo
1141 985 1325 1039 partem
1350 975 1558 1038 praedae
1583 975 1823 1022 tulerunt?

150 1065 229 1104 108
252 1058 361 1119 Age
386 1073 515 1106 nunc
540 1073 600 1106 ex
625 1059 774 1121 ipsius
799 1058 1105 1120 Chrysogoni
1129 1057 1305 1105 iudicio
1325 1057 1615 1105 Rosciorum
1642 1056 1822 1103 factum

253 1139 638 1188 consideremus:
677 1141 717 1188 si
748 1140 863 1187 nihil
895 1140 945 1186 in
978 1140 1068 1187 ista
1099 1155 1266 1202 pugna
1295 1138 1463 1186 Roscii
1488 1138 1619 1200 quod
1644 1151 1823 1200 operae

252 1221 458 1283 pretium
497 1230 621 1268 esset
663 1221 886 1279 fecerant,
923 1236 1068 1284 quam
1105 1221 1169 1267 ob
1205 1236 1401 1268 causam
1438 1236 1466 1267 a
1502 1220 1824 1281 Chrysogono

252 1303 396 1349 tantis
428 1303 653 1365 praemiis
690 1303 1026 1350 donabantur?
1078 1302 1126 1348 Si
1163 1302 1279 1348 nihil
1315 1302 1443 1349 aliud
1478 1302 1706 1361 fecerunt,
1734 1301 1824 1348 nisi

251 1398 353 1429 rem
378 1383 661 1443 detulerunt,
687 1399 849 1431 nonne
875 1384 985 1431 satis
1014 1383 1097 1430 suit
1121 1384 1189 1430 eis
1213 1384 1388 1446 gratias
1413 1384 1523 1445 agi?
1584 1383 1821 1445 Denique,

251 1471 304 1510 ut
327 1464 668 1526 perliberaliter
691 1475 924 1527 ageretur,
951 1465 1150 1513 honoris
1181 1464 1358 1527 aliquid
1381 1464 1576 1512 haberi?
1614 1464 1712 1512 Cur
1736 1464 1826 1512 tria

251 1545 445 1607 praedia
471 1554 629 1593 tantae
655 1547 888 1609 pecuniae
913 1548 1072 1594 statim
1093 1547 1320 1608 Capitoni
1346 1546 1548 1594 dantur?
1587 1546 1686 1594 Cur
1702 1561 1824 1608 quae

251 1627 434 1689 reliqua
468 1637 579 1675 sunt
615 1628 699 1675 iste
737 1627 942 1676 Roscius
978 1629 1142 1675 omnia
1184 1643 1295 1675 cum
1333 1627 1651 1689 Chrysogono
1691 1642 1823 1674 com-

252 1709 457 1756 muniter
495 1709 742 1771 possidet?
803 1709 981 1757 Nonne
1023 1710 1331 1772 perspicuum
1380 1718 1464 1766 est,
1502 1709 1698 1769 iudices,
1737 1709 1824 1756 has

252 1791 503 1838 manubias
529 1790 718 1839 Rosciis
743 1790 1117 1854 Chrysogonum
1143 1807 1193 1838 re
1218 1792 1411 1852 cognita
1436 1791 1762 1838 concessisse?

263 1947 346 1987 Jsbu
380 1959 476 1998 may
495 1947 628 2000 judge
659 1948 711 2000 of
736 1948 802 1987 tlte
834 1948 1044 1988 character
1072 1948 1123 2000 of
1149 1948 1292 2000 Capito
1314 1947 1434 1999 from
1474 1947 1540 1986 his
1572 1947 1827 1986 treacherous

360 2015 529 2054 conduct
546 2029 597 2055 on
618 2016 684 2055 the
701 2017 938 2068 deputatz‘on
944 2016 1062 2068 from
1082 2017 1149 2056 the
1166 2016 1394 2056 Ameriam
1410 2021 1450 2054 to
1468 2017 1606 2064 Sulla,
1623 2016 1670 2054 in
1690 2016 1825 2054 which

361 2083 410 2122 lte
418 2084 574 2136 played
588 2085 676 2123 into
696 2084 761 2123 the
779 2085 912 2124 hands
930 2085 981 2138 of
992 2085 1286 2136 Chrysogonus.

153 2208 228 2246 109
324 2202 421 2248 38.
457 2197 603 2245 Venit
644 2197 694 2244 in
733 2196 901 2244 decem
936 2197 1098 2259 primis
1133 2196 1319 2258 legatus
1356 2197 1404 2242 in
1442 2204 1598 2244 castra
1634 2196 1822 2259 Capito.

253 2279 435 2328 Totam
454 2280 612 2336 vitam,
633 2287 853 2325 naturam
877 2293 1132 2340 moresque
1150 2278 1359 2325 hominis
1378 2295 1437 2325 ex
1462 2280 1566 2340 ipsa
1582 2278 1823 2340 legatione

254 2361 561 2424 cognoscite:
612 2360 704 2407 nisi
740 2359 1076 2417 intellexeritis,
1115 2360 1306 2419 iudices,
1350 2360 1534 2406 nullum
1577 2376 1680 2407 esse
1722 2361 1824 2408 offi-

253 2444 395 2503 cium,
423 2442 606 2489 nullum
638 2442 710 2489 ius
743 2449 843 2489 tam
876 2449 1095 2487 sanctum
1122 2449 1264 2503 atque
1289 2442 1540 2503 integrum,
1566 2442 1697 2504 quod
1723 2458 1824 2490 non

253 2526 356 2573 eius
397 2524 550 2573 scelus
591 2531 733 2586 atque
774 2523 971 2585 perfidia
1011 2522 1192 2570 violarit
1239 2531 1284 2570 et
1328 2523 1630 2582 imminuerit,
1669 2525 1824 2571 virum

154 2622 230 2660 110
254 2608 492 2670 optimum
538 2621 643 2654 esse
698 2621 811 2652 eum
858 2605 1129 2652 iudicatote.
1206 2604 1563 2665 Impedimento
1609 2613 1679 2652 est
1727 2621 1823 2668 quo

253 2689 413 2737 minus
444 2688 503 2734 de
535 2687 608 2735 his
640 2687 782 2734 rebus
821 2685 949 2733 Sulla
972 2686 1224 2744 doceatur;
1263 2693 1535 2734 ceterorum
1557 2686 1823 2749 legatorum

256 2770 454 2819 consilia
489 2778 535 2817 et
570 2768 863 2816 voluntatem
906 2767 1226 2830 Chrysogono
1268 2769 1511 2828 enuntiat3
1561 2777 1726 2816 monet
1772 2777 1824 2817 ut

255 2853 503 2917 provideat
544 2867 605 2899 ne
645 2851 804 2914 palam
845 2866 920 2897 res
963 2858 1130 2912 agatur
1146 2865 1158 2908 ;
1202 2850 1422 2910 ostendit,
1462 2851 1500 2898 si
1538 2850 1721 2898 sublata
1763 2851 1823 2898 sit
