2132 3094
313 181 382 239 66
633 195 758 236 PRO
791 194 927 237 SEX.
966 190 1199 239 ROSCIO.
1273 184 1336 254 ᾗῇ
1375 182 1570 254 89-91.

309 328 434 389 cule,
458 337 505 377 te
535 329 670 376 citius
707 344 854 392 quam
887 329 1039 376 oratio
1076 327 1312 376 deficeret.
1381 327 1574 376 Etenim
1609 328 1658 375 in
1694 328 1898 391 singulis

312 413 456 461 rebus
478 412 582 459 eius
605 411 737 458 modi
763 410 987 458 materies
1010 419 1097 469 est,
1123 419 1176 457 ut
1200 410 1301 458 dies
1334 410 1553 473 singulos
1585 411 1744 473 possis
1777 425 1900 458 con-

313 510 531 554 sumere3
567 508 724 555 neque
748 508 842 556 ego
866 508 966 541 non
990 507 1221 555 possum3
1259 507 1360 540 non
1391 493 1522 539 enim
1555 500 1742 540 tantum
1778 492 1898 539 mihi

314 576 511 639 derogo,
551 575 739 623 tametsi
780 574 896 622 nihil
934 575 1135 636 adrogo,
1172 582 1226 622 ut
1267 584 1313 622 te
1355 574 1597 637 copiosius
1634 590 1781 637 quam
1816 589 1900 622 me

311 667 478 722 putem
501 673 642 722 posse
667 658 841 705 dicere.
912 656 1099 706 Verum
1119 672 1213 719 ego
1239 655 1439 705 forsitan
1462 665 1658 720 propter
1682 657 1900 704 multitu-

312 741 475 789 dinem
499 749 815 804 patronorum
834 741 885 787 in
900 756 1048 803 grege
1074 740 1393 788 adnumerer:
1420 747 1466 787 te
1485 754 1651 802 pugna
1670 738 1901 786 Cannen-

313 824 376 871 sis
402 830 732 872 accusatorem
764 829 838 869 sat
867 823 1052 869 bonum
1083 821 1206 870 fecit.
1276 820 1462 869 Multos
1498 836 1666 869 caesos
1701 836 1803 869 non
1838 820 1901 869 ad

315 904 674 953 Trasumenum
699 904 872 962 lacum,
898 904 982 952 sed
1006 904 1068 951 ad
1097 903 1348 952 Servilium
1371 903 1576 950 vidimus
1596 920 1606 950 :

446 987 555 1050 quis
590 986 654 1033 ibi
682 1002 789 1034 non
825 994 897 1033 est
932 986 1204 1034 volneratus
1239 985 1366 1033 ferro
1389 979 1645 1048 Phrygio?
1672 1022 1682 1033 .
1711 1021 1721 1031 .
1748 1020 1760 1034 .
1923 996 1976 1034 90

315 1068 431 1117 Non
472 1083 668 1116 necesse
706 1076 778 1116 est
817 1068 974 1116 omnis
1017 1083 1400 1116 commemorare
1442 1066 1649 1125 Curtios,
1695 1066 1899 1124 Marios,

314 1151 568 1214 denique†
588 1149 881 1208 Mammeos,
907 1166 1031 1214 quos
1066 1151 1163 1198 iam
1200 1159 1331 1198 aetas
1361 1166 1389 1197 a
1420 1149 1615 1212 proeliis
1651 1150 1899 1206 avocabat,

311 1242 559 1297 postremo
584 1231 831 1279 Priamum
867 1233 1027 1295 ipsum
1055 1229 1285 1299 [senem],
1310 1233 1589 1290 Antistium,
1616 1246 1763 1294 quem
1798 1246 1900 1278 non

313 1315 462 1362 modo
497 1323 642 1372 aetas,
668 1314 754 1362 sed
786 1315 931 1363 etiam
963 1315 1095 1378 leges
1127 1330 1346 1378 pugnare
1384 1314 1723 1378 prohibebant.
1793 1313 1902 1360 Iam·

314 1413 439 1461 quos
474 1412 618 1445 nemo
654 1405 850 1460 propter
884 1398 1233 1460 ignobilitatem
1269 1398 1505 1465 nominat,
1532 1397 1735 1444 sescenti
1772 1404 1898 1454 sunt,

314 1480 396 1544 qui
419 1480 541 1527 inter
564 1480 759 1528 sicarios
791 1488 837 1527 et
869 1480 929 1527 de
958 1480 1198 1528 veneficiis
1234 1481 1558 1539 accusabant3
1597 1480 1680 1542 qui
1712 1494 1900 1538 omnes,

315 1562 446 1627 quod
477 1561 540 1609 ad
571 1578 650 1610 me
686 1562 867 1621 attinet,
893 1562 1065 1611 vellem
1089 1563 1333 1622 viverent;
1371 1562 1489 1609 nihil
1526 1562 1656 1610 enim
1688 1562 1803 1609 mali
1828 1570 1901 1609 est

315 1645 447 1692 canis
494 1645 560 1691 ibi
601 1660 750 1707 quam
793 1645 1026 1707 plurimos
1068 1660 1188 1703 esse,
1226 1645 1308 1692 ubi
1347 1645 1573 1707 permulti
1610 1643 1899 1692 observandi

315 1727 556 1789 multaque
593 1727 827 1775 servanda
863 1735 986 1775 sunt.
1058 1727 1258 1785 Verum,
1284 1736 1336 1774 ut
1369 1727 1434 1786 fit,
1461 1727 1613 1774 multa
1637 1742 1782 1789 saepe
1807 1727 1903 1773 im·
1923 1741 1975 1779 91

315 1809 625 1871 prudentibus
661 1809 1027 1871 imperatoribus
1049 1810 1117 1857 vis
1142 1810 1252 1857 belli
1275 1825 1331 1857 ac
1356 1811 1495 1857 turba
1521 1809 1744 1857 molitur:
1783 1808 1902 1856 dum

317 1892 361 1939 is
393 1893 442 1938 in
475 1891 577 1939 aliis
611 1893 753 1939 rebus
787 1900 885 1939 erat
915 1900 1198 1954 occupatus,
1223 1892 1305 1954 qui
1342 1906 1583 1939 summam
1620 1905 1780 1938 rerum
1817 1889 1903 1938 ad-

319 1974 631 2033 ministrabat,
659 1982 792 2021 erant
817 1975 998 2021 interea
1021 1973 1105 2036 qui
1130 1975 1227 2021 suis
1250 1974 1524 2021 volneri-bus
1559 1972 1906 2032 mederentur,

321 2057 416 2120 qui,
443 2065 693 2119 tamquam
717 2057 756 2103 si
781 2056 936 2103 offusa
961 2056 1026 2104 rei
1052 2056 1272 2118 publicae
1298 2055 1590 2118 sempiterna
1631 2071 1735 2103 nox.
1761 2062 1907 2113 esset,

319 2139 382 2186 ita
419 2139 618 2186 ruebant
659 2139 710 2185 in
751 2138 958 2186 tenebris
996 2139 1256 2201 omniaque
1298 2138 1568 2185 miscebant
1583 2154 1596 2197 ς
1657 2153 1686 2185 a
1724 2137 1901 2200 quibus

320 2222 480 2279 miror,
506 2236 567 2268 ne
600 2220 738 2285 quod
772 2220 1057 2268 iudiciorum
1093 2228 1218 2267 esset
1246 2220 1513 2282 vestigium,
1539 2235 1641 2267 non
1675 2219 1902 2268 subsellia

322 2318 514 2366 quoque
563 2318 668 2350 esse
709 2303 995 2352 combusta:
1050 2318 1165 2350 nam
1206 2310 1252 2350 et
1291 2310 1594 2350 accusatores
1636 2309 1683 2349 et
1718 2302 1902 2349 iudices

323 2385 625 2435 sustulerunt.
696 2385 810 2433 Hoc
826 2385 1069 2433 commodi
1094 2394 1180 2443 est,
1203 2384 1337 2448 quod
1360 2385 1426 2432 ita
1449 2385 1680 2442 vixerunt,
1698 2393 1750 2431 ut
1769 2384 1902 2431 testis

322 2468 492 2526 omnis,
533 2468 571 2514 si
618 2476 860 2530 cuperent,
899 2467 1164 2515 interficere
1203 2483 1302 2514 non
1347 2475 1577 2530 possent3
1630 2481 1746 2514 narn
1784 2466 1902 2514 dum

323 2549 576 2597 hominum
617 2565 769 2611 genus
811 2550 912 2607 erit,
950 2549 1032 2613 qui
1067 2557 1259 2598 accuset
1294 2564 1378 2598 eos
1411 2564 1514 2598 non
1550 2548 1729 2600 deerit:
1785 2547 1903 2597 dum

324 2628 488 2679 civitas
511 2631 611 2690 erit,
633 2631 806 2680 iudicia
828 2631 958 2680 fient.
