2132 3094
286 166 355 219 62
603 175 721 237 ,PRO
758 174 896 217 SEX.
935 174 1167 222 ROSCIO.
1245 163 1305 233 ξς
1346 161 1540 232 79—81.

282 310 445 358 venire
485 309 689 373 potuerit
728 324 886 372 neque
932 322 1030 370 qua
1074 307 1260 362 ratione
1307 307 1535 355 inducere
1577 321 1736 370 neque
1777 305 1862 355 ubi

285 407 444 455 neque
482 407 568 455 per
606 407 731 455 quos
780 407 938 454 neque
977 405 1075 452 qua
1113 405 1198 452 spe
1247 397 1329 437 aut
1371 404 1472 452 quo
1517 389 1672 452 pretio
1720 397 1861 453 potes

283 474 552 523 ostendere.
621 473 732 536 Ego
769 483 936 520 contra
973 471 1180 519 ostendo
1220 487 1321 519 non
1360 471 1510 518 modo
1544 470 1662 518 nihil
1693 487 1861 520 eorum

284 555 453 604 fecisse
506 555 614 603 Sex.
654 554 902 612 Roscium,
939 553 1025 601 sed
1071 569 1134 601 ne
1181 553 1398 616 potuisse
1444 553 1641 616 quidem
1687 552 1861 611 facere,

285 638 418 702 quod
442 653 600 700 neque
626 636 815 684 Romae
841 636 1002 683 multis
1027 636 1167 683 annis
1195 635 1335 690 fuerit
1367 650 1526 698 neque
1561 635 1621 683 de
1654 635 1863 699 praediis

284 735 516 783 umquam
552 727 732 766 temere
768 717 1051 766 discesserit.
1124 716 1328 765 Restare
1363 717 1452 764 tibi
1484 716 1730 766 videbatur
1762 732 1873 766 ser-.

285 817 454 851 vorum
496 816 691 858 nomen,
729 816 827 863 quo
868 799 1004 863 quasi
1046 800 1097 847 in
1138 807 1336 863 portum
1380 799 1583 847 reiectus
1623 815 1653 847 a
1692 799 1863 848 ceteris

286 883 628 946 suspitionibus
676 881 941 944 confugere
988 896 1172 944 posses,
1220 881 1303 929 ubi
1352 881 1606 944 scopulum
1654 881 1862 930 offendis

285 967 387 1014 eius
423 964 569 1022 modi,
607 972 658 1011 ut
694 979 795 1011 non
825 955 979 1012 *modo
1020 964 1084 1011 ab
1118 962 1214 1012 hoc
1250 964 1436 1011 crimen
1471 963 1651 1011 resilire
1687 962 1862 1022 videas

286 1062 453 1095 verum
489 1061 686 1094 omnem
723 1046 1043 1108 suspitionem
1079 1045 1130 1093 in
1161 1053 1348 1094 vosmet
1382 1046 1516 1108 ipsos
1541 1045 1754 1093 recidere
1790 1045 1863 1092 in-

286 1128 498 1190 tellegas.
570 1127 704 1187 Quid
735 1143 852 1190 ergo
885 1127 989 1176 est?
1043 1127 1160 1187 Quo
1183 1128 1382 1175 tandem
1418 1135 1666 1175 accusator
1699 1127 1865 1190 inopia
1888 1140 1939 1178 80

287 1218 683 1273 argumentorum
708 1209 958 1273 confugit?
1014 1214 1026 1235 ‘
1041 1210 1162 1258 Eius
1187 1210 1321 1258 modi
1344 1217 1535 1273 tempus
1559 1209 1691 1268 erat‚'
1711 1209 1865 1271 inquit

287 1299 298 1318 ‘
317 1301 371 1340 ut
404 1292 630 1340 homines
663 1291 810 1354 volgo
850 1292 1051 1356 impune
1086 1293 1438 1352 occiderentur,
1463 1308 1561 1356 qua
1598 1307 1648 1339 re
1683 1299 1735 1338 tu
1771 1291 1865 1340 hoc

285 1382 480 1438 propter
514 1373 869 1422 multitudinem
904 1374 1186 1423 sicariorum
1216 1375 1351 1423 nullo
1373 1375 1570 1437 negotio
1594 1374 1751 1422 facere
1776 1389 1864 1437 po-

286 1457 443 1505 tuisti.’
515 1455 768 1503 Interdum
796 1457 915 1504 mihi
949 1457 1135 1517 videris,
1160 1458 1324 1517 Eruci,
1350 1473 1449 1506 una
1484 1457 1708 1506 mercede
1745 1457 1865 1505 duas

288 1555 363 1587 res
395 1539 594 1601 adsequi
616 1538 749 1597 velle,
776 1554 867 1586 nos
895 1538 1075 1587 iudicio
1107 1540 1408 1603 perfundere,
1437 1555 1663 1589 accusare
1699 1547 1865 1587 autem

287 1637 371 1670 eos
395 1621 540 1684 ipsos,
558 1636 587 1668 a
605 1621 780 1682 quibus
804 1621 1080 1670 mercedem
1105 1623 1342 1685 accepisti.
1405 1622 1537 1682 Quid
1562 1622 1664 1670 ais?
1702 1620 1865 1684 Volgo

288 1703 662 1752 occidebantur?
722 1702 813 1750 Per
836 1718 961 1767 quos
977 1711 1024 1752 et
1039 1719 1067 1751 a
1086 1704 1293 1766 quibus?
1348 1703 1529 1753 Nonne
1554 1704 1738 1766 cogitas
1762 1710 1811 1751 te
1836 1719 1866 1751 a

289 1786 553 1834 sectoribus
576 1784 671 1833 huc
696 1784 960 1832 adductum
984 1787 1122 1834 esse?
1176 1785 1309 1845 Quid
1343 1787 1543 1851 postea?
1604 1785 1866 1834 Nescimus

290 1884 375 1931 per
397 1868 486 1915 ista
511 1875 730 1930 tempora
763 1867 962 1915 eosdem
992 1867 1090 1916 fere
1126 1878 1334 1917 sectores
1369 1869 1513 1917 fuisse
1531 1856 1784 1918 'collorum
1819 1876 1867 1916 et

289 1951 570 1998 bonorum?
638 1949 698 1998 Ei
738 1949 962 2013 denique,
998 1951 1082 2013 qui
1117 1958 1221 1999 tum
1263 1952 1435 1999 armati
1473 1951 1576 1999 dies
1612 1951 1866 2014 noctisque
1889 1959 1939 1998 81

290 2033 657 2092 concursabant,
696 2032 779 2095 qui
814 2032 1008 2080 Romae
1044 2041 1180 2081 erant
1213 2034 1414 2091 adsidui,
1451 2034 1534 2097 qui
1574 2033 1710 2081 omni
1749 2042 1866 2081 tem-—

292 2130 410 2178 pore
444 2116 495 2162 in
529 2114 707 2178 praeda
743 2123 790 2163 et
825 2115 876 2162 in
911 2115 1148 2178 sanguine
1183 2117 1510 2175 versabantur,
1545 2115 1653 2163 Sex.
1681 2114 1867 2163 Roscio

290 2197 520 2260 temporis
554 2197 679 2244 illius
716 2198 1025 2245 acerbitatem
1061 2197 1458 2261 iniquitatemque
1491 2197 1735 2246 obicient?
1802 2196 1867 2245 Et

291 2280 417 2327 illam
454 2280 736 2327 sicariorum
761 2279 1133 2338 multitudinem,
1157 2280 1206 2326 in
1232 2295 1329 2343 qua
1352 2280 1444 2343 ipsi
1479 2280 1628 2328 duces
1652 2296 1708 2338 ac
1735 2280 1866 2343 prin-

290 2362 419 2424 cipes
453 2370 600 2419 erant,
644 2361 753 2409 huic
790 2362 979 2409 crimini
1015 2363 1253 2424 putabunt
1288 2362 1405 2421 fore,
1446 2362 1528 2425 qui
1570 2378 1672 2420 non
1714 2361 1866 2410 modo

293 2443 479 2491 Romae
504 2460 605 2491 non
629 2444 729 2502 fuit,
757 2443 844 2492 sed
869 2444 1073 2491 omnino
1099 2443 1215 2507 quid
1238 2443 1429 2492 Romae
1463 2452 1683 2507 ageretur
1714 2444 1866 2493 nesci-

291 2526 367 2583 vit,
393 2534 646 2587 propterea
681 2525 813 2588 quod
847 2526 944 2574 ruri
980 2525 1223 2584 adsiduuS,
1249 2541 1396 2590 quem
1430 2526 1495 2575 ad
1529 2526 1731 2575 modum
1767 2534 1866 2575 tute

291 2606 543 2666 confiteris,
567 2606 687 2656 fuit?
