2060 3086
561 167 679 213 PRO
716 167 852 209 SEX.
890 166 1119 208 ROSCIO.
1199 154 1262 223 ᾧῷ
1289 155 1484 222 46-49.
1734 168 1804 222 49

237 302 403 360 trinae,
426 309 478 348 ut
512 316 573 348 ne
608 316 636 347 a
672 300 833 347 litteris
861 299 1057 362 quidem
1090 298 1270 346 alienus
1305 312 1462 346 esses:
1499 296 1675 360 ecquid
1703 305 1805 344 tan-

238 383 352 431 dem
398 382 481 429 tibi
527 382 725 439 videtur,
774 389 824 428 ut
871 380 933 428 ad
977 380 1163 427 fabulas
1207 380 1469 437 veniamus,
1520 394 1667 426 senex
1727 377 1806 425 ille

237 464 539 512 Caecilianus
596 463 795 511 minoris
841 462 1000 510 facere
1051 460 1327 524 Eutychum
1373 461 1523 508 filiurn
1575 459 1804 507 rusticum

236 561 384 608 quam
429 545 564 592 illum
598 544 800 592 alterum
847 543 1238 591 Chaerestratum
1256 544 1474 600 ?—nam,
1516 549 1569 588 ut
1616 540 1802 603 opinor,

235 626 329 675 hoc
369 627 567 674 nomine
607 625 949 674 est—alterum
979 625 1028 671 in
1062 625 1179 672 urbe
1217 639 1383 671 secum
1419 623 1620 671 honoris
1659 637 1805 670 causa

161 709 213 752 47
235 707 424 767 habere,
450 708 651 756 alterum
680 722 761 755 rus
793 706 1011 769 supplicii
1047 721 1193 754 causa
1215 706 1486 767 relegasse?
1557 708 1569 729 ‘
1587 703 1720 763 Quid
1743 703 1806 751 ad

234 790 348 841 istas
372 790 572 852 ineptias
597 790 735 837 abis?
754 786 766 804 ’
802 789 1005 851 inquies.
1076 786 1228 846 Quasi
1252 802 1365 834 vero
1394 786 1512 833 mihi
1536 786 1722 834 difficile
1747 786 1806 833 sit

235 872 452 934 quamvis
487 871 664 919 multos
700 870 988 918 nominatim
1022 869 1252 932 proferre,
1287 885 1348 917 ne
1388 869 1577 931 longius
1616 869 1804 925 abeam,

234 952 308 1000 vel
332 952 510 1000 tribulis
527 952 603 999 vel
622 952 800 1000 vicinos
824 966 976 1010 meos,
1000 951 1085 1014 qui
1109 966 1222 998 suos
1246 950 1438 1009 liberos,
1465 965 1590 1012 quos
1614 949 1806 1011 plurimi

234 1033 427 1090 faciunt,
453 1033 685 1096 agricolas
709 1033 935 1080 adsiduos
960 1047 1065 1080 esse
1091 1032 1302 1095 cupiunt.
1373 1031 1558 1079 Verum
1581 1030 1805 1078 homines

235 1122 376 1163 notos
401 1130 588 1162 sumere
612 1114 835 1162 odiosum
859 1122 943 1171 est,
974 1129 1087 1161 cum
1123 1121 1168 1160 et
1203 1113 1321 1160 illud
1355 1112 1590 1161 incertum
1622 1113 1697 1172 sit,
1724 1127 1803 1159 ve-

235 1196 383 1243 lintne
408 1196 451 1243 ei
475 1211 579 1243 sese
603 1195 854 1252 nominari,
880 1204 927 1242 et
951 1210 1096 1242 nemo
1120 1195 1258 1242 vobis
1282 1194 1437 1256 magis
1449 1202 1595 1242 notus
1619 1193 1803 1240 futurus

235 1278 295 1324 sit
318 1292 464 1340 quam
497 1285 569 1324 est
604 1275 681 1324 hic
711 1276 974 1338 Eutychus,
1000 1283 1047 1323 et
1081 1284 1206 1323 certe
1239 1275 1301 1322 ad
1332 1266 1434 1323 rem
1465 1275 1583 1323 nihil
1607 1275 1806 1333 intersit,

234 1367 392 1405 utrum
433 1357 560 1404 hunc
594 1373 686 1419 ego
720 1358 960 1405 comicum
1001 1357 1356 1404 adulescentem
1390 1373 1453 1404 an
1489 1357 1699 1420 aliquem
1743 1371 1803 1404 ex

235 1455 353 1501 agro
386 1438 589 1485 Veiente
629 1439 894 1486 nominem.
963 1438 1157 1485 Etenim
1192 1438 1312 1486 haec
1354 1438 1560 1485 conficta
1602 1438 1805 1486 arbitror

235 1536 263 1568 a
285 1521 439 1583 poe'tis
463 1534 581 1576 esse,
605 1527 656 1566 ut
680 1519 862 1567 effictos
895 1528 1084 1567 nostros
1112 1535 1272 1567 mores
1306 1519 1357 1566 in
1392 1520 1560 1567 alienis
1584 1520 1804 1582 personis

234 1616 606 1664 expressamque
641 1601 902 1664 imaginem
937 1597 1201 1667 [nostram]
1226 1601 1349 1649 vitae
1379 1601 1650 1649 cotidianae
1674 1600 1805 1648 vide-

234 1698 407 1733 remus·

262 1834 355 1872 But
371 1846 429 1872 an
448 1833 594 1886 appeal
608 1838 646 1873 to
666 1834 760 1873 real
773 1832 846 1885 life
863 1833 958 1872 will
973 1833 1084 1872 show
1103 1846 1153 1872 us
1170 1833 1263 1872 tlzat
1266 1832 1436 1885 fathers
1455 1833 1536 1872 like
1554 1832 1668 1872 their
1682 1844 1775 1872 sons

373 1907 411 1941 to
429 1901 574 1941 attend
587 1907 626 1941 to
630 1902 845 1954 farmz'ng,
867 1902 915 1941 in
935 1902 1070 1941 which
1090 1915 1158 1952 my
1180 1902 1306 1941 client
1322 1902 1410 1941 had
1417 1907 1538 1954 great
1554 1902 1665 1942 skill.

160 2024 211 2064 48
301 2014 410 2077 Age
434 2029 576 2072 nunc,
601 2013 722 2061 refer
753 2015 967 2061 animum
1000 2015 1064 2061 sis
1097 2014 1159 2062 ad
1182 2015 1428 2071 veritatem
1459 2023 1506 2062 et
1539 2015 1806 2071 considera,

236 2109 338 2142 non
373 2095 522 2143 modo
554 2096 605 2142 in
640 2095 844 2143 Umbria
881 2105 1024 2159 atque
1056 2096 1107 2143 in
1149 2112 1205 2144 ea
1246 2097 1500 2156 vicinitate,
1526 2096 1611 2144 sed
1646 2097 1698 2144 in
1732 2097 1806 2144 his

236 2178 469 2225 veteribus
484 2178 757 2240 municipiis
782 2194 905 2241 quae
930 2178 1084 2225 studia
1102 2194 1131 2226 a
1147 2180 1360 2241 patribus
1378 2178 1578 2227 familias
1595 2179 1805 2226 maxime

235 2259 513 2307 laudentur:
567 2261 665 2308 iam
711 2260 926 2323 profecto
965 2269 1012 2308 te
1052 2260 1296 2323 intelleges
1338 2261 1501 2323 inopia
1550 2260 1805 2311 criminum

237 2354 478 2387 summam
501 2339 694 2387 laudem
713 2339 823 2386 Sex.
841 2338 1022 2387 Roscio
1040 2340 1155 2387 vitio
1173 2346 1220 2386 et
1244 2339 1415 2402 culpae
1440 2340 1643 2388 dedisse.
1708 2343 1803 2391 1⁷.

235 2419 311 2468 Ac
330 2435 431 2468 non
454 2420 603 2469 modo
627 2420 721 2468 hoc
746 2429 936 2484 patrum
959 2420 1201 2468 voluntate
1226 2421 1359 2468 liberi
1384 2421 1576 2480 faciunt,
1596 2421 1682 2469 sed
1698 2438 1804 2484 per-

236 2501 413 2550 multos
443 2511 491 2550 et
521 2519 614 2566 ego
646 2503 758 2551 novi
790 2511 851 2563 et,
877 2503 967 2550 nisi
990 2518 1068 2550 me
1090 2502 1207 2550 fallit
1231 2504 1430 2562 animus,
1455 2518 1579 2551 unus
1604 2504 1803 2566 quisque

236 2592 457 2644 vestrum,
495 2585 575 2647 qui
611 2593 658 2632 et
691 2585 783 2647 ipsi
818 2585 999 2632 incensi
1034 2593 1143 2632 sunt
1179 2585 1348 2643 studio,
1382 2585 1514 2647 quod
1543 2585 1605 2632 ad
1635 2601 1805 2647 agrum

239 2665 495 2714 colendum
519 2667 696 2724 attinet,
720 2667 960 2729 vitamque
997 2666 1122 2714 hanc
1151 2667 1389 2725 rusticam,
1429 2682 1575 2729 quam
1609 2675 1661 2714 tu
1694 2682 1806 2730 pro-

239 2749 326 2794 bro
361 2754 408 2794 et
444 2747 627 2794 crimini
661 2756 803 2811 putas
839 2763 944 2795 esse
980 2755 1216 2810 oportere,
1250 2755 1297 2795 et
1331 2747 1722 2796 honestissimam
1763 2758 1808 2795 et

165 2840 213 2877 49
238 2829 565 2876 suavissimam
602 2845 708 2877 esse
743 2831 1043 2877 arbitrantur.
1114 2829 1243 2889 Quid
1282 2846 1449 2878 censes
1487 2830 1615 2878 hunc
1650 2831 1808 2893 ipsum

1006 2928 1037 2960 D
