2132 3094
532 195 660 236 PRO
699 191 837 235 SEX.
876 194 1107 252 ROSCIO.
1182 183 1241 252 ξρ
1284 196 1544 246 100-104.
1766 194 1826 248 71

267 324 524 385 deiecerit3
558 342 682 389 quae
711 328 758 375 si
789 327 1029 391 prodierit,
1058 334 1201 389 atque
1233 325 1356 375 adeo
1392 340 1504 374 cum
1539 323 1835 387 prodierit—>

168 415 244 454 101
267 406 368 454 scio
405 408 535 454 enim
570 409 869 471 proditurum
903 409 1249 457 esse—audiet.
1318 406 1496 454 Veniat
1528 407 1702 455 modo:
1750 422 1833 453 ex-

267 488 410 551 plicet
434 504 575 537 suum
599 491 825 539 volumen
847 490 977 549 illud,
1004 489 1135 554 quod
1159 490 1201 537 ei
1225 489 1422 552 planum
1455 487 1610 536 facere
1635 502 1834 550 possum

268 570 500 618 Erucium
544 573 885 635 conscripsisse
902 588 917 632 3
965 571 1096 635 quod
1143 572 1275 619 aiunt
1321 570 1454 617 illum
1505 570 1612 616 Sex.
1652 569 1834 617 Roscio

267 652 579 714 intemptasse
604 662 651 701 et
670 654 940 702 minitatum
962 669 1067 702 esse
1092 669 1142 701 se
1166 653 1330 701 omnia
1355 652 1433 699 illa
1451 668 1539 714 pro
1554 650 1834 698 testimonio

269 749 377 781 esse
413 734 665 784 dicturum.
738 735 783 784 O
807 735 1107 798 praeclarum
1136 743 1317 792 testem,
1343 734 1550 782 iudices!
1613 732 1658 781 O
1681 733 1833 795 gravi-

268 822 416 862 tatem
456 816 653 878 dignam
694 817 1079 879 exspectatione!
1141 816 1186 865 O
1220 817 1365 863 vitam
1399 815 1656 863 honestam
1691 822 1835 877 atque

267 898 369 945 eius
397 898 545 954 modi,
571 905 623 945 ut
654 898 910 946 libentibus
945 899 1116 946 animis
1151 898 1213 946 ad
1248 898 1348 945 eius
1378 897 1703 945 testimonium
1732 910 1834 942 ves·

267 989 394 1028 trum
440 980 514 1027 ius
560 980 816 1028 iurandum
859 981 1267 1029 adcommodetis!
1329 964 1551 1027 Profecto
1593 994 1695 1027 non
1735 986 1835 1026 tam

268 1062 519 1124 perspicue
567 1078 659 1111 nos
706 1063 906 1111 istorum
958 1063 1191 1110 maleficia
1240 1061 1520 1118 videremus,
1564 1061 1655 1108 nisi
1701 1061 1834 1124 ipsos

170 1150 244 1189 102
269 1158 439 1190 caecos
463 1144 683 1193 redderet
707 1145 942 1208 cupiditas
966 1151 1013 1192 et
1034 1144 1230 1191 avaritia
1253 1151 1300 1191 et
1324 1142 1551 1191 audacia:
1591 1148 1688 1192 36.
1718 1142 1835 1190 alter

268 1240 328 1272 ex
369 1224 474 1287 ipsa
514 1227 662 1274 caede
705 1227 947 1275 volucrem
994 1226 1215 1285 nuntium
1258 1225 1505 1272 Ameriam
1547 1225 1609 1272 ad
1649 1226 1835 1274 socium

268 1313 412 1369 atque
441 1306 503 1353 ad
525 1308 807 1369 magistrum
839 1322 982 1356 suum
1011 1307 1152 1365 misit,
1178 1315 1243 1365 ut,
1270 1307 1308 1354 si
1342 1306 1640 1354 dissimulare
1664 1321 1834 1355 omnes

268 1397 497 1450 cuperent
534 1405 584 1437 se
620 1391 739 1438 scire
779 1386 840 1438 ad
875 1405 1020 1452 quem
1055 1389 1343 1437 maleficium
1378 1389 1646 1451 pertineret,
1673 1397 1835 1436 tamen

268 1471 371 1532 ipse
404 1479 621 1532 apertum
653 1487 792 1518 suurn
829 1471 985 1519 scelus
1020 1479 1128 1518 ante
1159 1470 1379 1518 omnium
1409 1470 1578 1518 oculos
1607 1478 1833 1533 poneret;

268 1552 402 1610 alter,
428 1553 467 1599 si
498 1552 572 1599 dis
604 1553 953 1601 immortalibus
984 1552 1155 1615 placet,
1180 1552 1456 1599 testimonia
1481 1553 1625 1598 etiam
1650 1553 1699 1599 in
1725 1548 1833 1599 Sex.

271 1633 505 1682 Roscium
539 1634 747 1682 dicturus
783 1643 880 1682 est:
918 1635 1053 1697 quasi
1077 1649 1192 1681 vero
1224 1633 1273 1680 id
1309 1649 1437 1681 nunc
1471 1643 1652 1696 agatur,
1676 1643 1834 1681 utrum

264 1716 309 1762 is
346 1715 476 1777 quod
516 1716 685 1762 dixerit
726 1716 1020 1764 credendum
1062 1731 1118 1763 ac
1158 1731 1274 1776 non,
1313 1715 1445 1778 quod
1483 1715 1645 1763 fecerit
1684 1715 1834 1762 vindi-

270 1797 484 1844 candum
520 1797 592 1844 sit.
662 1797 833 1860 Itaque
869 1812 1003 1845 more
1038 1797 1277 1845 maiorum
1312 1806 1645 1859 comparatum
1677 1804 1760 1854 est,
1785 1805 1836 1842 ut

269 1878 343 1925 vel
386 1879 435 1925 in
479 1879 690 1926 ¹minimis
732 1881 874 1927 rebus
921 1879 1139 1927 homines
1187 1879 1466 1941 amplissimi
1511 1878 1834 1925 testimonium

170 1963 246 2002 103
271 1960 331 2007 de
368 1975 454 2007 sua
487 1976 539 2007 re
575 1976 676 2008 non
713 1962 936 2008 dicerent.
1005 1960 1273 2018 Africanus,
1305 1961 1387 2023 qui
1423 1975 1511 2008 suo
1547 1959 1834 2021 cognomine

273 2041 479 2090 declarat
502 2044 688 2090 tertiam
707 2051 891 2105 partem
910 2042 1038 2090 orbis
1060 2051 1291 2090 terrarum
1311 2058 1361 2089 se
1380 2042 1642 2103 subegisse,
1658 2050 1834 2099 tamen,

270 2124 310 2171 si
348 2139 434 2172 sua
470 2140 544 2171 res
579 2133 814 2187 ageretur,
839 2125 1166 2172 testimonium
1198 2140 1299 2172 non
1328 2124 1536 2182 diceret;
1572 2138 1687 2169 nam
1721 2122 1837 2170 illud

267 2206 320 2252 in
352 2206 494 2253 talem
518 2206 671 2253 virum
708 2223 806 2254 non
840 2206 997 2254 audeo
1034 2206 1219 2254 dicere:
1258 2205 1296 2252 si
1329 2205 1518 2262 diceret,
1543 2220 1642 2252 non
1673 2205 1835 2252 crede-

271 2296 416 2336 retur.
488 2287 662 2335 Videte
711 2303 839 2335 nunc
878 2303 1021 2350 quam
1055 2303 1192 2335 versa
1234 2295 1280 2334 et
1321 2295 1501 2334 mutata
1539 2287 1587 2333 in
1622 2286 1836 2349 peiorem

269 2378 455 2433 partem
498 2370 589 2416 sint
630 2370 819 2416 omnia:
863 2385 975 2416 cum
1016 2369 1076 2416 de
1113 2370 1252 2416 bonis
1293 2378 1339 2416 et
1376 2368 1436 2416 de
1470 2368 1617 2416 caede
1653 2377 1834 2431 agatur,

271 2451 600 2499 testimonium
635 2451 846 2498 dicturus
881 2458 952 2498 est
982 2451 1035 2508 is,
1062 2449 1143 2513 qui
1177 2459 1224 2499 et
1261 2458 1412 2498 sector
1443 2458 1514 2498 est
1547 2459 1592 2497 et
1624 2450 1833 2507 sicarius,

269 2532 364 2581 hoc
388 2539 473 2590 est,
495 2532 578 2595 qui
602 2541 648 2580 et
666 2532 854 2579 illorum
875 2532 1090 2594 ipsorum
1114 2533 1366 2592 bonorum,
1389 2532 1448 2579 de
1467 2533 1640 2594 quibus
1664 2533 1835 2593 agitur,

269 2622 460 2676 emptor
488 2622 630 2675 atque
664 2626 915 2675 possessor
938 2621 1008 2661 est
1031 2620 1078 2660 et
1102 2627 1214 2661 eum
1240 2613 1490 2661 hominem
1518 2613 1836 2661 occidendum

171 2702 247 2740 104
270 2696 463 2755 curavit,
492 2694 551 2742 de
583 2696 717 2742 cuius
750 2701 905 2742 morte
942 2695 1196 2757 quaeritur,
1269 2694 1400 2754 Quid
1435 2702 1498 2755 tu,
1525 2695 1594 2741 vir
1623 2694 1836 2756 optime?

270 2776 462 2838 Ecquid
498 2775 645 2824 habes
680 2776 812 2838 quod
847 2775 1010 2824 dicas?
1070 2774 1193 2823 Mihi
1236 2775 1474 2825 ausculta:
1518 2776 1625 2823 vide
1660 2791 1719 2823 ne
1753 2775 1835 2822 tibi

268 2857 425 2917 desis3
463 2866 544 2906 tua
567 2872 762 2921 quoque
787 2871 862 2905 res
883 2871 1149 2920 permagna
1170 2858 1341 2920 agitur.
1414 2855 1569 2906 Multa
1594 2856 1844 2914 scelerate,
