2132 3094
317 187 387 250 64
631 197 749 237 PRO
786 197 922 237 SEX.
964 196 1196 238 ROSCIO.
1273 187 1333 256 ῥῷ
1374 187 1567 252 84-86.

315 330 496 377 nullam
531 329 802 391 reperiebas
839 330 888 376 in
926 329 1033 378 Sex.
1073 329 1282 379 Roscio:
1321 339 1369 379 at
1405 347 1499 395 ego
1538 332 1588 379 in
1622 332 1683 381 T.
1711 332 1890 382 Roscio

318 412 517 474 reperio.

324 578 410 616 lee
441 577 506 617 cui
533 578 643 617 bono
677 583 900 629 argument
928 579 1072 631 points
1104 585 1143 619 to
1167 592 1268 630 you.
1294 581 1494 632 Magnus,
1523 594 1571 620 as
1603 581 1725 634 being
1751 587 1798 621 at
1829 581 1896 621 the

426 646 570 686 bottom
597 646 649 698 ‘ff
665 646 748 685 this
766 647 906 687 crime.
963 649 1178 687 Moreover
1196 661 1283 699 you
1312 662 1384 688 are
1400 650 1499 702 just
1516 650 1584 689 tlte
1604 664 1703 689 man
1731 656 1770 690 to
1794 664 1895 690 com·

425 716 505 754 mit
527 716 575 764 it,
597 715 719 767 being
728 721 846 767 poor,
866 717 1100 756 avariciam
1125 717 1215 756 and
1236 718 1470 767 audacz'ous,
1491 718 1581 758 and
1602 719 1726 770 being
1744 719 1896 759 known

424 791 463 824 to
482 785 585 823 have
603 785 695 823 been
714 797 765 823 on
786 784 867 822 bad
880 790 1005 824 terms
1024 786 1129 824 wz‘tlz
1150 786 1216 825 the
1236 786 1458 826 murdered
1474 801 1587 827 man.

387 897 574 944 Tecum
599 897 727 944 enim
757 897 873 944 mihi
900 914 975 945 res
1000 907 1084 957 est,
1105 898 1166 946 T.
1185 898 1348 957 Rosci,
1366 901 1599 962 quoniam
1622 900 1727 948 istie
1754 900 1896 949 sedes

317 995 373 1027 ac
416 988 462 1026 te
504 979 664 1041 palam
707 978 1031 1026 adversarium
1073 995 1178 1027 esse
1221 981 1468 1043 profiteris.
1539 981 1614 1030 De
1656 981 1895 1044 Capitone

315 1069 426 1124 post
449 1059 718 1117 viderimus,
747 1060 801 1118 si,
829 1076 974 1123 quern
1006 1061 1069 1109 ad
1104 1062 1306 1110 modum
1338 1071 1560 1126 paratum
1595 1079 1701 1111 esse
1735 1062 1893 1121 audio,

317 1143 448 1190 testis
471 1142 725 1205 prodierit:
764 1151 866 1189 tum
893 1143 1007 1190 alias
1033 1160 1227 1207 quoque
1252 1160 1362 1192 suas
1395 1144 1581 1208 palmas
1615 1152 1895 1207 cognoscet,

317 1225 380 1273 de
404 1225 578 1287 quibus
602 1239 680 1271 me
705 1240 766 1271 ne
804 1224 995 1272 audisse
1032 1226 1227 1289 quidem
1264 1227 1546 1289 suspicatur.
1617 1225 1675 1274 L.
1702 1226 1896 1274 Cassius

316 1307 408 1365 ille,
425 1321 570 1369 quem
595 1307 803 1368 populus
820 1306 1074 1355 Romanus
1094 1309 1392 1356 verissimum
1415 1317 1463 1356 et
1489 1308 1896 1372 sapientissimum

317 1389 523 1437 iudicem
550 1389 760 1451 putabat,
788 1389 1048 1437 identidem
1073 1390 1122 1436 in
1147 1391 1304 1438 causis
1331 1407 1558 1454 quaerere
1594 1390 1791 1449 solebat,
1820 1390 1896 1438 cui

319 1473 450 1520 bono
472 1471 648 1518 fuisset.
701 1470 778 1518 Sic
791 1471 885 1517 vita
903 1470 1156 1519 hominum
1173 1481 1258 1531 est,
1275 1481 1325 1519 ut
1345 1472 1406 1520 ad
1430 1473 1722 1520 maleficium
1747 1487 1894 1520 nemo

316 1562 518 1602 conetur
536 1554 637 1601 sine
657 1569 741 1615 spe
766 1562 909 1615 atque
935 1555 1262 1603 emolumento
1279 1555 1519 1603 accedere.
1575 1555 1723 1602 Hunc
1749 1570 1896 1618 quae·
1919 1564 1969 1604 85

317 1637 512 1683 sitorem
545 1651 601 1684 ac
634 1634 841 1682 iudicem
877 1634 1123 1698 fugiebant
1158 1644 1304 1699 atque
1338 1636 1596 1685 horrebant
1631 1636 1690 1697 ei,
1721 1636 1896 1699 quibus

316 1718 583 1783 periculum
628 1719 890 1776 creabatur,
939 1718 1051 1766 ideo
1109 1719 1254 1781 quod,
1304 1720 1492 1767 tametsi
1540 1721 1747 1768 veritatis
1795 1728 1896 1767 erat

319 1802 514 1860 amicus,
532 1809 694 1848 tamen
718 1808 887 1847 natura
912 1809 1127 1848 nontam
1152 1816 1421 1864 propensus
1441 1801 1502 1848 ad
1521 1801 1897 1850 misericordiam

319 1899 465 1946 quam
500 1883 767 1945 implicatus
804 1883 866 1930 ad
902 1883 1199 1931 severitatem
1234 1883 1495 1931 videbatur.
1565 1883 1688 1946 Ego,
1727 1899 1896 1947 quam-

321 1982 469 2030 quam
493 1972 681 2028 praeest
705 1965 815 2012 huic
842 1966 1110 2027 quaestioni
1135 1967 1204 2012 vir
1228 1974 1275 2014 et
1308 1975 1475 2014 contra
1512 1966 1765 2015 audaciam
1799 1966 1895 2014 for-

270 2049 273 2051 ’
320 2048 528 2096 tissimus
553 2056 599 2094 et
623 2048 684 2094 ab
709 2047 983 2095 innocentia
1017 2048 1426 2108 clementissimus,
1451 2057 1616 2096 tamen
1646 2048 1785 2096 facile
1817 2063 1896 2096 me

321 2139 505 2194 paterer
534 2130 607 2177 vel
642 2130 722 2176 illo
758 2130 865 2192 ipso
902 2131 1133 2178 acerrimo
1169 2131 1323 2179 iudice
1360 2140 1622 2195 quaerente
1658 2131 1732 2179 vel
1768 2131 1898 2195 apud

322 2214 581 2262 Cassianos
617 2212 810 2271 iudices,
849 2229 1058 2276 quorum
1094 2214 1238 2261 etiam
1273 2229 1403 2262 nunc
1443 2214 1500 2272 ei,
1539 2215 1715 2276 quibus
1753 2229 1899 2261 causa

323 2295 530 2343 dicenda
566 2303 649 2354 est,
691 2311 871 2342 nornen
907 2295 1064 2358 ipsum
1100 2295 1427 2356 reformidant,
1453 2311 1542 2358 pro
1581 2295 1690 2343 Sex.
1718 2295 1899 2344 Roscio

324 2378 494 2427 dicere.
566 2383 662 2429 31.
690 2378 749 2424 In
772 2378 862 2426 hac
889 2378 1020 2426 enim
1044 2393 1190 2426 causa
1214 2394 1324 2426 curn
1337 2379 1549 2426 viderent
1573 2378 1679 2426 illos
1703 2378 1899 2441 amplis·
1922 2390 1976 2430 86

326 2461 495 2509 simam
530 2461 786 2523 pecuniam
822 2461 1082 2523 possidere,
1121 2460 1247 2508 hunc
1283 2461 1332 2507 in
1368 2475 1558 2509 summa
1592 2461 1901 2509 mendicitate

325 2558 442 2600 esse,
469 2543 583 2589 illud
607 2543 802 2606 quidem
827 2559 927 2590 non
953 2552 1249 2606 quaererent,
1267 2544 1343 2591 cui
1367 2544 1500 2591 bono
1524 2543 1702 2603 suisset,
1720 2544 1818 2603 sed,
1840 2560 1900 2593 eo

325 2626 594 2688 perspicuo,
645 2625 826 2672 crimen
872 2634 919 2672 et
966 2626 1282 2688 suspitionem
1339 2627 1498 2689 potius
1547 2626 1610 2674 ad
1667 2627 1900 2690 praedam

46 2712 300 2776 Probabile
325 2707 636 2769 adiungerent
669 2723 814 2769 quam
843 2707 905 2754 ad
938 2716 1212 2769 egestatem.
1284 2707 1429 2766 Quid,
1456 2708 1495 2755 si
1520 2709 1703 2757 accedit
1726 2709 1901 2757 eodem

47 2778 105 2806 ΘΧ
124 2771 236 2805 ‘'¹¹⁵⁹“
325 2799 377 2836 ut
400 2789 553 2836 tenuis
578 2798 720 2836 antea
743 2789 925 2838 fueris?
998 2789 1142 2848 Quid,
1170 2790 1210 2837 si
1244 2798 1297 2838 ut
1332 2792 1538 2841 avarus?
1559 2815 1561 2817 ·
1609 2790 1758 2849 Quid,
1785 2791 1825 2839 si
1848 2799 1902 2839 ut

327 2870 486 2919 audax
506 2871 523 2919 ?
596 2870 743 2930 Quid,
770 2872 810 2919 si
834 2880 886 2918 ut
908 2872 1046 2934 illius,
1071 2872 1152 2936 qui
1187 2872 1374 2921 occisus
1399 2880 1483 2931 est,
1509 2873 1901 2927 inimicissimus?
