2060 3086
605 185 722 225 PRO
761 185 894 224 SEX.
934 184 1163 225 ROSCIO.
1244 175 1301 242 §.Q
1329 174 1449 225 6-8.
1747 186 1814 243 35

246 317 338 365 hoc
369 325 584 379 tempore
617 326 808 364 nostrae
848 317 1061 374 civitatis,
1088 315 1144 363 L.
1171 316 1424 363 Cornelius
1455 316 1816 378 Chrysogonus.
1872 323 1883 329 ”

248 399 295 446 Is
332 414 360 445 a
383 399 533 456 vobis,
558 398 753 455 iudices,
787 398 879 445 hoc
915 398 1138 460 postulat,
1170 407 1221 444 ut
1258 398 1490 460 quoniam
1525 398 1574 443 in
1612 382 1814 445 alienam

247 480 501 542 pecuniam
543 489 642 527 tam
678 481 873 542 plenam
916 488 1057 543 atque
1096 480 1392 542 praeclaram
1432 480 1562 526 nullo
1604 480 1702 527 iure
1745 481 1816 527 in-

246 561 415 608 vaserit
451 562 777 623 quoniamque
813 562 855 608 ei
891 562 1123 623 pecuniae
1159 561 1254 607 vita
1293 560 1399 608 Sex.
1427 560 1592 608 Roscii
1628 563 1816 609 obstare

246 650 388 704 atque
413 643 602 690 officere
626 643 851 700 videatur,
877 643 1072 690 deleatis
1098 659 1156 690 ex
1182 643 1344 691 animo
1377 659 1465 690 suo
1500 644 1816 705 suspitionem

245 739 539 786 omnemque
575 733 756 772 metum
792 725 990 772 tollatis:
1034 740 1139 773 sese
1175 725 1268 772 hoe
1298 725 1528 772 incolumi
1560 740 1660 772 non
1692 725 1817 772 arbi-

246 814 394 852 tratur
418 805 558 853 huius
592 807 861 854 innocentis
894 807 1236 869 patrimonium
1271 815 1371 854 tam
1405 807 1618 869 amplum
1655 815 1702 853 et
1735 821 1816 854 co—

246 889 434 950 piosum
460 904 601 951 posse
632 890 861 947 obtinere,
888 890 1116 937 damnato
1142 898 1188 936 et
1220 890 1368 936 eiecto
1395 897 1551 951 sperat
1584 904 1633 936 se
1656 903 1816 950 posse,

246 971 378 1033 quod
415 972 616 1033 adeptus
657 980 727 1020 est
763 988 849 1034 per
886 972 1055 1029 scelus,
1094 972 1141 1018 id
1178 988 1264 1034 per
1298 972 1535 1018 luxuriam
1572 970 1818 1018 effundere

245 1061 386 1115 atque
413 1068 712 1100 consumere.
775 1054 923 1100 Hunc
950 1054 1039 1101 sibi
1065 1070 1124 1100 ex
1150 1055 1312 1100 animo
1338 1054 1631 1115 scrupulum,
1659 1053 1740 1114 qui
1766 1069 1816 1100 se

245 1134 347 1181 dies
385 1135 636 1197 noctisque
674 1135 884 1183 stimulat
925 1152 979 1183 ac
1017 1136 1202 1198 pungit,
1240 1144 1292 1182 ut
1334 1135 1554 1194 evellatis,
1593 1134 1815 1196 postulat,

243 1225 293 1262 ut
335 1217 395 1263 ad
440 1217 564 1263 hanc
607 1232 743 1264 suam
779 1204 1004 1279 praedam
1049 1226 1147 1264 tam
1184 1217 1413 1264 nefariam
1456 1216 1696 1263 adiutores
1732 1231 1817 1262 vos

244 1298 577 1360 profiteamini.
651 1299 698 1346 Si
723 1300 859 1347 vobis
895 1315 1051 1361 aequa
1086 1308 1133 1346 et
1168 1299 1368 1346 honesta
1400 1299 1656 1360 postulatio
1687 1298 1816 1345 vide-

243 1388 329 1437 tur,
360 1380 554 1438 iudices,
580 1397 674 1442 ego
709 1389 875 1428 contra
911 1383 1105 1428 brevem
1142 1380 1519 1443 postulationem
1555 1380 1718 1426 adfero
1755 1389 1814 1437 et,

242 1476 339 1523 quo
375 1461 524 1508 modo
557 1462 674 1508 mihi
702 1462 982 1524 persuadeo,
1012 1462 1259 1524 aliquanto
1289 1462 1592 1522 aequiorem:
1631 1466 1686 1509 3.
1723 1462 1816 1524 pri-

242 1557 375 1589 mum
412 1558 441 1588 a
477 1542 799 1605 Chrysogono
833 1552 944 1606 peto
980 1551 1030 1590 ut
1071 1544 1273 1605 pecunia
1309 1543 1606 1606 fortunisque
1643 1545 1815 1591 nostris

242 1632 494 1671 contentus
543 1624 614 1683 sit,
656 1625 940 1687 sanguinem
983 1634 1028 1672 et
1068 1625 1214 1672 vitam
1263 1641 1322 1672 ne
1366 1634 1495 1688 petat
1508 1640 1521 1683 ;
1575 1625 1746 1672 deinde
1788 1641 1817 1673 a

240 1706 390 1764 vobis,
422 1706 617 1763 iudices,
642 1715 695 1753 ut
727 1706 981 1754 audacium
1013 1706 1177 1754 sceleri
1212 1707 1450 1764 resistatis,
1483 1707 1815 1753 innocentium

241 1787 558 1835 calamitatem
600 1787 764 1835 levetis
806 1796 851 1835 et
893 1789 943 1835 in
983 1804 1128 1836 causa
1172 1788 1280 1835 Sex.
1325 1787 1490 1835 Roscii
1532 1788 1811 1850 periculum,

193 1882 217 1919 8
241 1868 372 1929 quod
396 1868 445 1914 in
469 1869 626 1916 omnis
654 1869 924 1929 intenditur,
952 1870 1247 1933 propulsetis.
1320 1870 1468 1930 Quod
1494 1870 1532 1917 si
1557 1879 1638 1917 aut
1669 1885 1813 1918 causa

241 1950 451 1998 criminis
476 1959 556 1998 aut
580 1950 690 1998 facti
711 1953 909 2013 suspitio
933 1960 1013 1999 aut
1031 1952 1267 2014 quaelibet
1291 1953 1497 2015 denique
1516 1953 1589 1999 vel
1613 1952 1813 1998 minima

239 2047 315 2078 res
339 2032 610 2093 reperietur,
636 2047 784 2094 quam
808 2034 872 2081 ob
896 2049 998 2080 rem
1022 2034 1268 2080 videantur
1291 2034 1358 2080 illi
1382 2050 1483 2080 non
1508 2033 1624 2080 nihil
1647 2041 1812 2080 tamen

239 2114 289 2159 in
336 2113 596 2162 deferendo
643 2115 840 2162 nomine
888 2115 1047 2173 secuti,
1095 2124 1337 2177 postremo
1386 2116 1424 2162 si
1470 2123 1656 2178 praeter
1702 2131 1811 2163 eam

239 2196 483 2258 praedam,
521 2211 667 2258 quam
701 2197 813 2254 dixi,
851 2197 1108 2260 quicquam
1150 2197 1277 2244 aliud
1314 2213 1487 2244 causae
1522 2197 1810 2253 inveneritis,

239 2292 339 2325 non
387 2293 666 2325 recusamus
713 2279 830 2340 quin
876 2279 1067 2326 illorum
1112 2278 1297 2326 libidini
1348 2279 1456 2326 Sex.
1509 2278 1671 2326 Roscii
1718 2279 1813 2325 vita

241 2359 468 2417 dedatur3
509 2361 581 2408 sin
617 2360 745 2408 aliud
781 2361 935 2423 agitur
969 2360 1086 2407 nihil
1122 2361 1211 2408 nisi
1246 2369 1298 2407 ut
1334 2361 1403 2407 eis
1439 2376 1499 2408 ne
1525 2360 1639 2422 quid
1675 2360 1812 2418 desit,

240 2443 413 2503 quibus
455 2444 566 2491 satis
609 2443 723 2490 nihil
766 2452 863 2501 est;
909 2444 947 2490 si
989 2443 1081 2490 hoc
1118 2443 1272 2490 solum
1308 2442 1401 2490 hoc
1438 2451 1654 2504 tempore
1689 2457 1812 2504 pug—

239 2532 391 2582 natur,
416 2535 467 2572 ut
495 2524 557 2572 ad
588 2525 715 2572 illam
750 2526 966 2587 opimam
998 2525 1389 2588 praeclaramque
1421 2524 1650 2587 praedam
1673 2524 1809 2571 dam-
1870 2543 1874 2546 ’

238 2606 371 2653 natio
420 2605 527 2653 Sex.
571 2606 735 2654 Roscii
783 2606 907 2654 velut
959 2607 1181 2654 cumulus
1225 2606 1435 2664 accedat,
1483 2622 1648 2654 nonne
1696 2621 1809 2654 cum

239 2688 389 2734 multa
413 2688 612 2750 indigna
638 2696 741 2737 tum
764 2690 837 2737 vel
865 2689 958 2736 hoc
982 2689 1367 2751 indignissimum
1393 2698 1476 2746 est,
1498 2704 1583 2736 vos
1608 2689 1808 2736 idoneos

238 2768 440 2827 habitos,
466 2786 552 2832 per
575 2786 782 2833 quorum
815 2772 1073 2820 sententias
1103 2770 1272 2835 iusque
1305 2770 1562 2818 iurandum
1587 2771 1637 2818 id
1669 2770 1808 2817 adse-

239 2861 458 2914 quantur,
501 2853 630 2916 quod
670 2861 810 2901 antea
853 2853 942 2917 ipsi
980 2853 1157 2900 scelere
1199 2860 1245 2900 et
1287 2852 1412 2901 ferro
1454 2852 1653 2915 adsequi
1692 2868 1809 2900 con-

981 2952 1005 2983 c
1038 2952 1061 2982 2

197 1310 219 1350 *T
