2060 3086
573 180 709 239 Pro,
734 193 867 235 SEX.
905 192 1137 235 ROSCIO.
1212 182 1269 249 ἕξ
1296 191 1484 248 51-54.
1746 187 1808 249 51

254 325 322 374 rei
368 325 586 388 publicae
633 325 799 373 sedere
846 323 1098 384 debebant,
1143 332 1305 372 tamen
1352 325 1402 372 in
1451 324 1577 387 agris
1624 316 1816 386 quoque

251 407 469 457 colendis
511 408 806 470 aliquantum
841 423 1016 470 operae
1056 408 1377 471 temporisque
1414 400 1818 469 consumpserint,

252 489 439 552 ignosci
463 498 685 552 oportere
722 490 766 537 ei
800 489 997 546 homini,
1023 489 1105 551 qui
1134 504 1184 537 se
1218 488 1419 537 fateatur
1443 504 1548 537 esse
1572 489 1815 546 rusticum,

254 587 365 620 cum
402 571 500 617 ruri
535 571 761 619 adsiduus
797 585 986 633 semper
1010 570 1204 629 vixerit3
1241 586 1354 618 cum
1389 570 1666 633 praesertim
1701 570 1820 617 nihil

253 661 379 701 esset
404 652 535 715 quod
559 661 640 700 aut
662 652 784 716 patri
807 652 984 715 gratius
1020 660 1100 700 aut
1136 652 1226 699 sibi
1254 652 1506 700 iucundius
1530 658 1611 699 aut
1635 667 1684 699 re
1709 664 1820 698 vera

254 734 498 783 honestius
523 733 680 782 facere
703 741 878 796 posset.

263 899 345 938 rou
363 899 449 938 add
463 899 556 937 that
572 898 638 937 his
650 897 802 950 father
817 897 988 948 thought
1005 897 1057 949 of
1070 895 1373 949 dz'sz‘nhem'tz‘ng
1391 898 1492 937 him.
1561 899 1601 937 T
1596 898 1671 936 hat
1688 897 1821 948 mzjglzt

360 968 402 1006 be
420 979 446 1005 a
456 967 582 1018 point
600 967 647 1006 in
656 979 773 1016 your
780 967 948 1015 favour,
971 964 1017 1017 {f
1022 978 1109 1016 you
1127 966 1248 1005 could
1268 967 1392 1018 allega
1410 979 1436 1004 a
1448 966 1624 1018 particle
1650 965 1831 1018 osproqf

361 1036 412 1087 os
422 1035 467 1073 z't.

177 1157 227 1195 52
258 1150 263 1156 ’
321 1147 501 1195 Odium
552 1147 695 1209 igitur
751 1146 1036 1194 acerrimum
1089 1145 1237 1208 patris
1291 1146 1340 1193 in
1387 1146 1538 1193 filium
1593 1162 1652 1194 ex
1707 1146 1817 1203 hoe,

253 1229 438 1291 opinor,
463 1229 743 1286 ostenditur,
766 1227 924 1286 Eruci,
951 1227 1081 1290 quod
1113 1227 1240 1274 hunc
1276 1228 1369 1274 ruri
1405 1243 1507 1275 esse
1540 1228 1819 1291 patiebatur.

254 1310 503 1374 Numquid
526 1318 597 1357 est
621 1309 782 1357 aliud?
822 1312 832 1332 ‘
851 1309 1011 1367 Immo
1035 1324 1148 1356 vero
1166 1307 1177 1325 '
1199 1310 1351 1372 inquit
1371 1313 1382 1333 ‘
1399 1318 1469 1356 est
1487 1325 1500 1368 ;
1538 1324 1650 1356 nam
1675 1309 1818 1357 istum

251 1391 540 1439 exheredare
564 1391 613 1437 in
637 1391 802 1438 animo
820 1390 1055 1438 habebat!
1113 1390 1303 1438 Audio:
1341 1407 1469 1438 nunc
1496 1391 1616 1439 dicis
1641 1376 1820 1453 aliquid

253 1473 387 1536 quod
418 1474 480 1520 ad
504 1489 605 1521 rem
637 1472 899 1534 pertineat;
937 1487 1048 1519 nam
1074 1472 1166 1530 illa,
1192 1473 1376 1534 opinor,
1403 1481 1453 1520 tu
1484 1488 1679 1535 quoque
1705 1487 1818 1519 con-

253 1556 384 1603 cedis
419 1555 540 1602 levia
575 1570 681 1602 esse
714 1562 858 1616 atque
890 1554 1080 1616 inepta:
1119 1557 1131 1578 ‘
1150 1555 1366 1602 convivia
1402 1570 1513 1602 cum
1548 1562 1681 1617 patre
1717 1568 1819 1602 non

251 1634 426 1685 inibat.’
498 1635 691 1698 Quippe
711 1651 725 1694 3
762 1635 844 1698 qui
869 1651 930 1683 ne
954 1635 1003 1682 in
1028 1636 1261 1698 oppidum
1287 1636 1480 1699 quidem
1509 1637 1599 1683 nisi
1622 1651 1816 1699 perraro

250 1720 441 1767 veniret.
514 1723 524 1743 ‘
544 1717 762 1765 Domum
798 1732 936 1764 suam
970 1717 1113 1763 istum
1141 1732 1240 1765 non
1265 1717 1360 1766 sere
1392 1718 1647 1781 quisquam
1673 1734 1813 1766 voca-

251 1798 360 1848 bat.5
432 1799 536 1848 Nec
573 1799 760 1855 mirum,
786 1798 867 1861 qui
895 1813 1050 1861 neque
1074 1798 1125 1845 in
1155 1800 1273 1846 urbe
1295 1800 1466 1847 viveret
1499 1814 1655 1863 neque
1680 1815 1815 1847 revo-

252 1891 442 1930 caturus
467 1889 604 1929 esset.
676 1885 773 1930 19.
810 1880 992 1927 Verum
1015 1880 1134 1928 haec
1159 1889 1210 1928 tu
1234 1897 1426 1944 quoque
1459 1881 1690 1943 intellegis
1714 1896 1818 1928 esse

252 1964 532 2027 nugatoria:
583 1963 713 2020 illud,
751 1962 883 2025 quod
919 1962 1179 2025 coepimus,
1214 1963 1473 2022 videamus,
1510 1978 1608 2026 quo
1645 1963 1819 2011 certius

178 2055 230 2094 53
253 2054 586 2108 argumentum
622 2043 719 2092 odii
753 2043 942 2106 reperiri
979 2044 1109 2091 nullo
1133 2045 1281 2092 modo
1306 2053 1491 2107 potest:
1529 2044 1817 2092 exheredare

252 2137 387 2191 pater
428 2127 576 2174 filium
619 2125 875 2188 cogitabat.
947 2125 1090 2173 Mitto
1132 2141 1360 2189 quaerere
1399 2142 1495 2190 qua
1538 2127 1598 2174 de
1640 2140 1816 2173 causa:

253 2224 433 2273 quaero
460 2209 542 2272 qui
568 2208 690 2256 scias
704 2222 717 2266 ;
754 2207 944 2254 tametsi
976 2215 1021 2255 te
1054 2208 1210 2256 dicere
1235 2217 1376 2271 atque
1401 2223 1681 2256 enumerare
1704 2207 1823 2255 cau—'

255 2307 330 2339 sas
355 2292 513 2339 omnis
536 2288 802 2352 oportebat,
827 2296 874 2334 et
906 2288 955 2335 id
988 2297 1088 2336 erat
1120 2298 1248 2337 certe
1278 2290 1565 2338 accusatoris
1590 2289 1816 2348 officium,

252 2373 336 2436 qui
377 2373 494 2420 tanti
533 2370 720 2420 sceleris
767 2379 1003 2432 argueret,
1040 2373 1276 2435 explicare
1323 2373 1487 2420 omnia
1527 2372 1638 2419 vitia
1674 2381 1815 2434 atque

253 2467 452 2517 peccata
477 2454 571 2512 filii,
597 2452 768 2516 quibus
793 2451 1017 2500 incensus
1052 2470 1225 2516 parens
1259 2455 1464 2517 potuerit
1495 2454 1708 2501 animum
1743 2454 1815 2500 in·

256 2536 442 2593 ducere,
466 2543 519 2582 ut
553 2543 771 2583 naturam
808 2537 963 2599 ipsam
986 2536 1205 2594 vinceret,
1229 2545 1279 2583 ut
1314 2551 1528 2584 amorem
1565 2536 1696 2583 illum
1731 2551 1815 2599 pe—

255 2617 380 2665 nitus
418 2617 611 2665 insitum
645 2618 820 2666 eiceret
854 2634 913 2666 ex
950 2618 1129 2675 animo,
1162 2627 1213 2665 ut
1250 2618 1455 2680 denique
1491 2627 1674 2681 patrem
1709 2631 1815 2666 esse

256 2714 359 2747 sese
401 2699 778 2760 oblivisceretur3
830 2700 961 2763 quod
1003 2700 1102 2746 sine
1142 2701 1329 2763 magnis
1369 2700 1565 2749 huiusce
1606 2699 1818 2763 peccatis

179 2789 230 2829 54
255 2781 468 2829 accidere
491 2782 701 2843 potuisse
725 2797 825 2829 non
849 2782 1062 2828 arbitror.
1133 2781 1312 2829 Verum
1337 2781 1553 2829 concedo
1578 2781 1660 2828 tibi
1683 2788 1735 2828 ut
1759 2794 1816 2828 ea

253 2869 533 2925 praetereas,
572 2877 692 2925 quae
734 2878 844 2910 cum
888 2870 1033 2920 taces,
1070 2862 1198 2910 nulla
1238 2878 1342 2910 esse
1386 2862 1642 2911 concedis:
1698 2861 1816 2909 illud

991 2959 1022 2991 D
1046 2960 1069 2990 2
