2132 3094
325 182 394 246 84
576 171 732 233 'PRO
770 192 908 236 SEX.
945 191 1181 233 ROSCIO.
1258 181 1317 250 §§
1348 181 1608 251 136—138.

321 341 469 391 quam
493 325 542 374 id
566 326 701 389 quod
731 325 943 374 maxime
967 325 1095 374 volui
1127 325 1227 373 fieri
1259 341 1362 374 non
1384 326 1540 390 potuit
1563 335 1617 375 ut
1639 319 1903 392 compone-

321 417 465 468 retur,
490 409 540 457 id
571 408 783 456 maxime
815 407 1099 467 defendisse,
1125 416 1177 455 ut
1208 409 1251 456 ei
1280 409 1538 468 vincerent,
1562 410 1646 474 qui
1675 411 1902 462 vicerunt.

322 491 448 551 Quis
472 492 604 539 enim
629 498 745 550 erat,
772 491 856 554 qui
889 506 991 539 non
1018 491 1196 539 videret
1231 490 1547 540 humilitatem
1580 507 1692 540 cum
1724 489 1903 560 [digni-

320 581 415 621 tate
434 568 521 639 de]
547 574 864 636 amplitudine
883 572 1205 621 contendere?
1243 571 1359 631 Quo
1378 572 1430 620 in
1454 573 1715 622 certamine
1732 573 1904 638 perditi

320 655 435 702 civis
468 663 569 703 erat
600 671 701 704 non
733 671 784 704 se
818 655 881 703 ad
915 670 1001 704 eos
1034 656 1250 718 iungere,
1284 655 1463 718 quibus
1497 655 1821 704 incolumibus
1855 664 1904 704 et

321 737 454 786 domi
490 736 699 801 dignitas
735 736 794 785 et‘
815 737 931 785 foris
967 737 1224 793 auotoritas
1259 736 1551 785 retineretur.
1621 736 1762 796 Quae
1795 754 1904 801 per-

319 819 445 867 fecta
476 835 582 868 esse
613 827 660 868 et
693 835 835 867 suum
872 820 1046 883 cuique
1077 818 1315 867 honorem
1348 826 1396 867 et
1426 819 1632 882 gradum
1664 820 1903 868 redditum

320 902 527 964 gaudeo,
587 902 787 961 iudices,
842 901 1247 964 vehementerque
1304 900 1469 960 laetor,
1527 917 1680 965 eaque
1738 902 1904 950 omnia

320 984 522 1031 deorum
546 983 806 1042 voluntate,
835 983 994 1032 studio
1029 983 1197 1047 populi
1230 982 1459 1042 Romani,
1495 983 1697 1032 consilio
1732 992 1780 1032 et
1814 984 1903 1031 im-

318 1065 454 1128 perio
490 1073 536 1113 et
570 1065 791 1115 felicitate
828 1065 883 1114 L.
921 1065 1082 1114 Sullae
1117 1074 1254 1128 gesta
1289 1081 1394 1113 esse
1435 1065 1678 1129 intellego.
1753 1064 1903 1126 Quod
1927 1077 2006 1119 137

319 1147 707 1195 animadversum
732 1156 805 1195 est
827 1148 878 1195 in
902 1163 1001 1207 eos,
1028 1148 1111 1211 qui
1145 1155 1315 1195 contra
1346 1146 1482 1194 omni
1505 1147 1689 1195 ratione
1714 1163 1903 1211 pugna—

319 1237 443 1287 runt,
459 1245 562 1277 non
586 1229 744 1278 debeo
764 1230 1140 1293 reprehendere:
1172 1229 1308 1294 quod
1325 1229 1434 1277 viris
1458 1228 1673 1290 fortibus,
1695 1244 1904 1294 quorum

318 1326 467 1374 opera
490 1312 668 1360 eximia
690 1313 742 1360 in
766 1313 908 1360 rebus
938 1312 1164 1375 gerendis
1193 1312 1386 1371 exstitit,
1414 1310 1572 1377 honos
1595 1311 1790 1360 habitus
1815 1319 1901 1374 est,

318 1392 489 1452 laudo;
537 1407 662 1455 quae
704 1401 759 1442 ut
797 1394 982 1453 fierent,
1018 1394 1200 1442 idcirco
1241 1402 1515 1457 pugnatum
1556 1409 1661 1442 esse
1702 1394 1906 1441 arbitror

319 1490 494 1539 meque
526 1462 578 1523 in
610 1492 669 1525 eo
705 1476 866 1525 studio
897 1477 1107 1540 partium
1134 1476 1281 1524 fuisse
1313 1476 1559 1525 confiteo'r.
1632 1475 1717 1522 Sin
1741 1484 1904 1523 autem

319 1556 369 1604 id
409 1566 572 1606 actum
610 1565 685 1607 est
721 1566 769 1608 et
805 1558 989 1607 idcirco
1026 1574 1162 1607 arma
1199 1567 1391 1621 sumpta
1432 1566 1558 1618 sunt,
1594 1567 1646 1606 ut
1682 1557 1903 1607 homines

321 1640 551 1703 postremi
592 1642 813 1704 pecuniis
855 1642 1022 1689 alienis
1064 1641 1477 1704 locupletarentur
1514 1648 1560 1688 et
1600 1640 1652 1687 in
1683 1640 1903 1688 fortunas

319 1722 461 1769 unius
489 1723 722 1787 cuiusque
752 1723 988 1786 impetum
1022 1723 1247 1782 facerent,
1273 1731 1320 1771 et
1343 1722 1394 1770 id
1417 1738 1519 1770 non
1542 1722 1693 1770 modo
1717 1738 1768 1770 re
1790 1738 1903 1786 pro·

320 1804 483 1852 hibere
507 1821 611 1854 non
634 1805 758 1866 licet,
778 1805 865 1854 sed
890 1822 952 1854 ne
969 1806 1127 1855 verbis
1149 1805 1349 1868 quidem
1368 1805 1650 1868 vituperare,
1667 1813 1770 1852 tum
1787 1819 1905 1853 vero

320 1887 371 1934 in
401 1887 495 1936 isto
527 1887 654 1936 bello
686 1903 789 1936 non
825 1896 1066 1936 recreatus
1098 1903 1255 1952 neque
1279 1887 1534 1946 restitutus,
1563 1887 1649 1935 sed
1677 1888 1904 1937 subactus

321 1985 675 2033 oppressusque
698 1970 910 2034 populus
936 1969 1191 2018 Romanus
1216 1978 1302 2018 est.

321 2149 399 2188 Let
415 2161 468 2189 no
487 2163 588 2189 man
598 2150 780 2203 pretend
800 2151 892 2190 that
916 2151 983 2190 lais
1001 2157 1149 2203 tangue
1169 2152 1206 2190 is
1223 2151 1317 2200 tied,
1338 2165 1387 2191 or
1404 2152 1497 2191 that
1521 2151 1588 2191 the
1606 2150 1762 2203 victory
1779 2150 1831 2204 of
1838 2150 1906 2191 tlte

428 2218 561 2258 nobles
578 2219 741 2271 implz'es
768 2220 862 2258 tlzat
884 2220 1168 2271 Chrysogonus
1195 2221 1232 2259 is
1259 2226 1298 2260 to
1317 2220 1522 2274 z'nfluence
1549 2221 1616 2260 tlte
1637 2225 1783 2260 courts.
1849 2220 1906 2260 To

426 2286 540 2325 show
558 2300 727 2340 courage
754 2287 846 2327 and
858 2301 991 2339 mercy
1010 2289 1047 2328 z's
1072 2289 1139 2328 the
1158 2289 1240 2328 best
1257 2302 1351 2339 way
1369 2294 1408 2339 to
1436 2289 1643 2328 vindicate
1660 2301 1776 2339 your
1796 2288 1908 2341 posi-

427 2355 529 2395 tion.
598 2357 680 2395 You
701 2357 797 2396 will
811 2357 854 2395 be
871 2356 1024 2409 az'dz'ng
1037 2357 1104 2397 the
1122 2370 1241 2397 causo
1264 2357 1316 2410 eff
1331 2357 1398 2397 tlze
1417 2357 1603 2411 nobilizsy,
1625 2355 1671 2410 {f
1679 2369 1767 2408 you
1786 2357 1908 2397 resz‘st

432 2424 727 2476 Chrysogonus.

390 2542 577 2590 Verum
614 2543 760 2607 longe
784 2543 919 2592 aliter
945 2552 1043 2604 est;
1081 2544 1199 2592 nihil
1234 2544 1410 2592 horum
1446 2551 1531 2604 est,
1558 2544 1766 2592 iudices:
1804 2559 1906 2592 non
1930 2554 2007 2593 138
2075 2590 2086 2594 „

321 2624 469 2673 modo
493 2640 594 2672 non
617 2625 833 2674 laedetur
856 2642 1002 2675 causa
1025 2627 1301 2685 nobilitatis,
1327 2627 1366 2673 si
1394 2626 1495 2674 istis
1525 2627 1806 2674 hominibus
1830 2642 1906 2675 re-

322 2707 508 2765 sistetis,
548 2723 714 2756 verum
754 2708 899 2756 etiam
940 2709 1203 2757 ornabitur.
1291 2713 1394 2758 48.
1430 2708 1628 2756 Etenim
1664 2709 1746 2772 qui
1780 2708 1903 2756 haec

322 2788 586 2851 vituperare
610 2790 790 2849 volunt,
815 2790 1192 2853 Chrysogonum
1217 2799 1406 2838 tantum
1441 2805 1585 2854 posse
1609 2797 1896 2853 queruntur;

322 2871 405 2934 qui
440 2871 634 2918 laudare
658 2871 836 2932 volunt,
864 2887 1153 2921 concessum
1177 2872 1221 2920 ei
1246 2887 1348 2920 non
1374 2887 1479 2920 esse
1504 2878 1901 2931 commemorant.
