2060 3086
330 154 403 219 46
658 164 776 204 PRO
815 163 950 203 SEX.
991 163 1224 204 ROSCIO.
1304 154 1362 222 (ἓξ
1391 154 1586 224 36-39.

331 299 547 361 pertinet,
597 299 717 351 duas
761 307 923 346 autem
969 298 1176 361 reliquas
1224 298 1360 344 vobis
1403 297 1612 360 populus
1662 297 1916 346 Romanus

330 381 585 443 imposuit:
636 396 729 442 ego
762 381 943 428 crimen
979 388 1170 442 oportet
1207 380 1415 438 diluam;
1471 396 1556 428 vos
1598 388 1643 426 et
1684 381 1914 428 audaciae

332 463 547 511 resistere
583 469 630 509 et
664 462 916 510 hominum
953 462 1056 529 eius
1085 462 1220 509 modi
1247 462 1574 524 perniciosam
1611 471 1755 525 atque
1792 462 1914 508 into-

330 545 577 592 lerandam
623 545 888 606 potentiam
924 544 1081 606 primo
1118 559 1312 606 quoque
1349 551 1570 606 tempore
1608 544 1914 606 exstinguere

330 635 474 690 atque
499 628 770 688 opprimere
795 625 991 672 debetis.

378 786 461 824 lee
478 786 624 835 clzmgre
644 786 680 823 is
697 798 770 823 one
788 784 1063 837 asparricz‘dc.
1121 785 1167 824 It
1186 784 1222 823 is
1240 799 1265 824 a
1286 784 1411 836 priori
1431 784 1676 835 improbable
1694 783 1786 823 and
1800 784 1865 822 in-

621 853 837 891 consistent
855 852 959 891 with
978 852 1046 892 tlze
1063 852 1277 891 character
1292 852 1345 903 qf
1351 852 1418 891 the
1437 851 1615 892 accuscd.

53 961 86 1000 I·
118 961 296 1023 Defence
399 958 646 1007 Occidisse
687 966 872 1020 patrem
918 957 1028 1005 Sex.
1070 956 1281 1004 Roscius
1323 958 1553 1019 arguitur.
1627 956 1910 1015 Scelestum,
1935 967 1985 1008 37

52 1022 237 1118 ἷξῗὲῗὸ,
330 1041 378 1087 di
406 1040 715 1098 immortales,
743 1056 800 1087 ac
824 1039 1059 1086 nefarium
1094 1039 1282 1087 facinus
1319 1047 1463 1103 atque
1500 1040 1603 1087 eius
1639 1039 1786 1096 modi,
1813 1054 1911 1102 quo

57 1128 103 1172 ξς
127 1126 272 1176 37-82.
327 1138 428 1171 uno
475 1123 712 1170 maleficio
753 1122 935 1170 scelera
976 1123 1141 1169 omnia
1184 1122 1443 1185 complexa
1486 1138 1592 1170 esse
1630 1121 1909 1171 videantur:

53 1196 225 1286 ἓξὲξ
327 1205 507 1252 etenim
543 1204 595 1262 si,
627 1204 676 1251 id
712 1204 845 1266 quod
881 1204 1123 1267 praeclare
1154 1221 1182 1251 a
1219 1205 1517 1266 sapientibus
1554 1204 1739 1262 dicitur,
1778 1203 1911 1250 voltu

220 1278 228 1287 ’
329 1303 473 1350 saepe
514 1286 714 1333 laeditur
754 1287 922 1348 pietas,
966 1286 1098 1349 quod
1142 1286 1433 1348 supplicium
1464 1287 1576 1333 satis
1618 1302 1727 1333 acre
1770 1301 1911 1349 repe-

326 1371 473 1417 rietur
518 1369 568 1415 in
614 1384 741 1426 eum,
779 1369 860 1431 qui
907 1378 1114 1415 mortem
1162 1369 1386 1416 obtulerit
1433 1370 1632 1432 parenti,
1669 1384 1761 1431 pro
1809 1383 1908 1431 quo

326 1451 451 1500 mori
485 1453 659 1514 ipsum,
686 1451 725 1497 si
757 1466 832 1497 res
868 1451 1145 1513 postularet,
1180 1451 1281 1498 iura
1318 1451 1477 1498 divina
1515 1460 1657 1514 atque
1694 1450 1909 1497 humana

328 1534 601 1595 cogebant?
673 1533 733 1579 In
756 1533 851 1580 hoc
877 1541 1028 1591 tanto,
1053 1542 1153 1580 tam
1187 1534 1348 1592 atroci,
1374 1542 1473 1580 tam
1499 1533 1727 1595 singulari
1759 1532 1906 1579 male·
1931 1540 1982 1579 38

327 1617 452 1674 ficio,
496 1617 626 1679 quod
663 1616 727 1664 ita
769 1631 878 1663 raro
922 1616 1112 1674 exstitit,
1148 1625 1199 1663 ut
1249 1617 1289 1663 si
1335 1616 1532 1678 quando
1576 1615 1791 1662 auditum
1834 1615 1907 1672 sit,

327 1699 535 1761 portenti
571 1714 627 1746 ac
661 1699 869 1762 prodigii
905 1699 1056 1745 simile
1094 1707 1385 1758 numeretur,
1411 1699 1585 1762 quibus
1615 1698 1812 1745 tandem
1841 1707 1907 1754 tu,

329 1780 386 1828 C.
419 1779 579 1838 Eruci,
620 1781 916 1842 argumentis
955 1789 1288 1828 accusatorem
1328 1772 1497 1828 censes
1538 1780 1606 1827 uti
1648 1779 1907 1842 oportere?

329 1862 508 1910 Nonne
538 1872 586 1910 et
618 1864 872 1911 audaciam
906 1863 1024 1922 eius,
1051 1863 1134 1925 qui
1169 1863 1219 1910 in
1256 1864 1439 1910 crimen
1463 1871 1672 1920 vocetur,
1698 1861 1909 1924 singula-

329 1961 431 1992 rem
466 1946 717 1993 ostendere
755 1954 800 1994 et
837 1961 998 1994 mores
1037 1945 1164 1993 feros
1202 1946 1564 2008 immanemque
1606 1954 1826 1991 naturam
1863 1952 1909 1990 et

327 2029 472 2075 vitam
514 2029 635 2077 vitiis
682 2029 968 2092 flagitiisque
1016 2029 1245 2076 omnibus
1293 2027 1507 2075 deditam
1559 2022 1653 2092 [et]
1696 2026 1905 2089 denique

327 2112 492 2158 omnia
516 2111 579 2158 ad
601 2111 863 2174 perniciem
887 2111 1145 2175 profligata
1167 2119 1310 2174 atque
1335 2110 1557 2173 perdita?
1607 2108 1833 2168 Quorum
1856 2118 1908 2156 tu

328 2192 444 2238 nihil
480 2193 529 2239 in
566 2193 674 2241 Sex.
702 2193 935 2242 Roscium
971 2210 1033 2241 ne
1069 2193 1309 2241 obiciendi
1333 2193 1529 2254 quidem
1565 2206 1711 2239 causa
1736 2200 1905 2238 contu—

326 2273 431 2322 listi.
501 2274 690 2323 Patrem
727 2275 905 2324 occidit
947 2275 1053 2323 Sex.
1094 2275 1318 2323 Roscius.
1388 2273 1487 2333 Qui
1526 2274 1715 2322 homo?
1773 2272 1907 2320 Adu-

326 2356 614 2405 lescentulus
639 2368 888 2421 corruptus
922 2367 967 2405 et
996 2360 1060 2405 ab
1095 2357 1372 2405 hominibus
1408 2371 1621 2419 nequam
1645 2356 1908 2404 inductus?

330 2443 428 2489 14.
464 2439 639 2487 Annos
686 2450 826 2488 natus
879 2441 1034 2488 maior
1084 2433 1417 2504 quadraginta.
1489 2437 1643 2486 Vetus
1691 2438 1908 2486 videlicet
1929 2450 1979 2489 39

328 2522 537 2576 sicarius.
562 2522 713 2570 homo
739 2523 898 2570 audax
924 2530 972 2571 et
995 2538 1141 2585 saepe
1165 2523 1216 2570 in
1240 2522 1390 2570 caede
1416 2522 1665 2569 versatus?
1720 2520 1787 2569 At
1809 2520 1906 2569 hoc

328 2604 389 2650 ab
426 2613 701 2652 accusatore
741 2620 802 2652 ne
842 2605 934 2652 dici
970 2605 1169 2668 quidem
1211 2604 1419 2651 audistis.
1491 2602 1729 2651 Luxuries
1765 2603 1907 2666 igitur

327 2684 576 2733 hominem
609 2687 833 2733 nimirum
865 2695 912 2733 et
936 2687 1058 2735 aeris
1081 2687 1224 2734 alieni
1258 2685 1546 2748 magnitudo
1572 2694 1619 2733 et
1642 2685 1907 2733 indomitae

327 2765 473 2812 animi
505 2768 788 2829 cupiditates
817 2769 879 2815 ad
902 2768 996 2816 hoc
1029 2769 1183 2816 scelus
1217 2768 1545 2831 impulerunt?
1615 2767 1693 2815 De
1717 2767 1907 2816 luxuria

325 2848 546 2910 purgavit
571 2847 788 2908 Erucius,
816 2865 926 2896 cum
963 2850 1082 2898 dixit
1114 2849 1244 2898 hunc
1278 2865 1339 2898 ne
1373 2848 1423 2896 in
1455 2850 1674 2897 convivio
1711 2848 1906 2912 quidem
