2060 3086
284 158 353 227 36
630 167 748 207 PRO
786 166 922 206 SEX.
962 166 1190 207 ROSCIO.
1269 155 1327 224 ξᾷ
1356 154 1510 208 8-11.

283 304 565 351 sueverant?
609 301 709 360 Qui
738 317 798 348 ex
822 301 1007 349 civitate
1031 302 1080 348 in
1106 309 1326 349 senatum
1350 308 1544 364 propter
1568 300 1863 362 dignitatern,

283 401 343 433 ex
380 393 549 432 senatu
582 385 632 430 in
664 383 759 431 hoc
792 383 1047 431 consilium
1072 383 1242 431 delecti
1274 383 1386 430 estis
1419 392 1614 446 propter
1642 383 1863 430 severita-

283 477 397 526 tem,
425 467 486 514 ab
510 466 584 514 his
615 465 709 514 hoc
741 465 985 528 postulare
1019 465 1243 513 homines
1277 465 1471 513 sicarios
1506 473 1649 528 atque
1682 464 1863 527 gladia-

283 559 427 608 tores,
467 565 568 596 non
609 547 759 595 modo
800 555 852 594 ut
894 547 1127 609 supplicia
1163 547 1324 606 vitent,
1365 563 1489 610 quae
1533 562 1562 595 a
1598 547 1735 595 vobis
1777 562 1866 609 pro

283 631 527 678 maleficiis
552 630 647 677 suis
671 638 880 677 metuere
909 637 1051 692 atque
1084 628 1279 676 horrere
1304 628 1495 689 debent,
1520 643 1688 676 verum
1721 628 1866 676 etiam

284 721 341 762 ut-
358 713 520 777 spoliis
546 728 605 759 ex
631 711 723 759 hoc
749 711 924 759 iudicio
951 711 1104 760 ornati
1130 711 1354 775 auctique
1379 710 1663 759 discedant?

285 986 364 1035 My
390 997 483 1023 own
514 983 807 1036 slzorlcomz'ngs
840 983 955 1024 make
989 984 1024 1023 it
1061 983 1129 1023 tlte
1168 997 1276 1024 more
1312 996 1520 1035 necessary
1548 984 1640 1023 that
1671 984 1704 1023 I
1723 983 1875 1023 should

365 1053 513 1105 appeal
525 1058 563 1092 to
576 1066 690 1103 your
706 1053 959 1105 indulgence,
969 1052 1133 1105 judges,
1156 1053 1248 1092 and
1263 1057 1301 1092 to
1312 1065 1459 1104 yours,
1479 1053 1544 1092 M.
1566 1052 1775 1092 Fannius.

351 1205 410 1249 4.
447 1201 542 1247 His
578 1200 638 1247 de
676 1201 819 1248 rebus
857 1200 1002 1248 tantis
1040 1209 1237 1264 tamque
1276 1201 1518 1249 atrocibus
1556 1217 1714 1265 neque
1757 1201 1870 1249 satis
1894 1207 1917 1243 9

286 1300 364 1331 me
400 1282 657 1331 commode
693 1282 850 1330 dicere
885 1299 1043 1346 neque
1074 1284 1188 1331 satis
1220 1284 1423 1346 graviter
1452 1284 1684 1348 conqueri
1710 1299 1870 1347 neque

287 1366 399 1414 satis
435 1366 582 1412 libere
618 1365 864 1412 vociferari
900 1380 1044 1427 posse
1081 1365 1336 1428 intellego;
1385 1382 1500 1414 nam
1537 1366 1870 1415 commoditati

286 1444 549 1506 ingenium,
586 1444 803 1506 gravitati
845 1452 989 1502 aetas,
1026 1444 1229 1492 libertati
1263 1452 1485 1507 tempora
1521 1454 1631 1493 sunt
1667 1444 1870 1508 impedi-

286 1534 465 1574 mento.
537 1525 651 1573 Huc
689 1526 873 1574 accedit
909 1542 1127 1574 summus
1162 1527 1319 1580 timor,
1357 1543 1504 1590 quem
1541 1527 1658 1574 mihi
1700 1537 1871 1575 natura

287 1608 539 1672 pudorque
574 1623 713 1655 meus
749 1608 962 1655 attribuit
998 1616 1045 1655 et
1081 1618 1235 1656 vestra
1270 1609 1476 1672 dignitas
1513 1618 1560 1656 et
1593 1610 1664 1656 vis
1705 1609 1870 1657 adver-

288 1691 522 1738 sariorum
563 1699 609 1737 et
652 1690 763 1738 Sex.
811 1691 976 1738 Roscii
1018 1691 1260 1754 pericula:
1318 1699 1611 1755 quapropter
1649 1707 1735 1740 vos
1784 1706 1873 1740 oro

289 1781 432 1836 atque
480 1774 698 1831 obsecro,
737 1773 933 1831 iudices,
977 1781 1030 1820 ut
1075 1782 1255 1821 attente
1303 1774 1530 1837 bonaque
1570 1789 1693 1835 ‘cum
1733 1775 1875 1821 venia

288 1857 435 1903 verba
469 1871 578 1902 mea
614 1854 828 1903 audiatis.
900 1855 1018 1903 Fide
1053 1856 1381 1919 sapientiaque
1407 1865 1562 1904 vestra
1589 1856 1736 1904 fretus
1767 1857 1875 1920 plus
1900 1861 1951 1899 10

290 1940 450 1988 oneris
487 1939 652 1986 sustuli
687 1954 836 2001 quam
872 1938 992 1986 ferre
1029 1954 1107 1986 me
1142 1955 1284 2002 posse
1321 1939 1579 2002 intellego:
1624 1939 1720 1988 hoc
1750 1955 1875 1988 onus

291 2023 328 2069 si
353 2037 437 2069 vos
474 2021 634 2084 aliqua
666 2037 725 2068 ex
759 2030 894 2084 parte
929 2022 1223 2080 adlevabifis,
1250 2021 1399 2069 feram
1432 2030 1682 2085 utpotero
1717 2021 1875 2071 studio

292 2112 338 2152 et
379 2104 626 2162 industria,
666 2104 874 2163 iudices;
929 2105 1001 2152 sin
1041 2120 1069 2151 a
1109 2105 1258 2161 vobis,
1299 2105 1348 2152 id
1390 2105 1523 2168 quod
1565 2120 1667 2152 non
1715 2121 1875 2168 spero,

293 2187 498 2245 deserar,
531 2194 693 2234 tamen
730 2188 894 2234 animo
931 2203 1031 2234 non
1069 2187 1291 2234 deficiam
1328 2195 1375 2235 et
1411 2187 1474 2246 id,
1505 2187 1636 2251 quod
1673 2187 1876 2250 suscepi,

293 2268 453 2332 quoad
495 2277 680 2332 potero,
724 2270 960 2332 perferam
977 2286 989 2328 ;
1045 2269 1180 2333 quod
1221 2270 1260 2317 si
1302 2270 1511 2333 perferre
1554 2286 1656 2318 non
1692 2278 1877 2333 potero,

295 2352 502 2413 opprimi
534 2368 612 2399 me
646 2368 793 2400 onere
830 2352 975 2400 officii
1008 2352 1149 2410 malo,
1178 2368 1326 2416 quam
1360 2352 1425 2412 id,
1451 2352 1584 2415 quod
1616 2352 1734 2399 mihi
1767 2367 1879 2400 cum

296 2433 388 2480 fide
427 2433 572 2480 semel
613 2435 892 2497 impositum
928 2443 1013 2492 est,
1052 2443 1133 2482 aut
1167 2443 1367 2498 propter
1401 2435 1652 2498 perfidiam
1691 2435 1879 2483 abicere

298 2521 378 2560 aut
424 2523 618 2576 propter
665 2516 989 2563 infirmitatem
1042 2516 1191 2563 animi
1233 2516 1495 2579 deponere.
1567 2515 1642 2564 Te
1685 2531 1880 2580 quoque
1906 2529 1955 2567 11

297 2610 478 2656 magno
504 2612 663 2658 opere,
691 2596 760 2643 M.
788 2596 955 2656 Fanni,
983 2613 1180 2660 quaeso,
1207 2606 1273 2657 ut,
1300 2598 1494 2661 qualem
1528 2607 1575 2645 te
1610 2599 1708 2646 iam
1740 2606 1882 2645 antea

299 2678 482 2740 populo
523 2677 750 2726 Romano
789 2680 1062 2740 praebuisti,
1103 2695 1216 2727 cum
1251 2679 1363 2727 huic
1408 2680 1567 2728 eidem
1610 2680 1884 2743 quaestioni

301 2759 446 2805 iudex
487 2775 748 2821 praeesses,
791 2760 938 2806 talem
982 2770 1026 2808 te
1063 2770 1109 2809 et
1152 2762 1293 2809 nobis
1333 2770 1381 2809 et
1418 2762 1485 2809 rei
1527 2762 1747 2825 publicae
1789 2761 1883 2809 hoc

302 2849 519 2902 tempore
543 2842 795 2903 impertias·
