2060 3086
583 181 702 222 PRO
739 180 875 222 SEX.
913 179 1145 220 ROSCIO.
1222 168 1280 236 §Q
1309 181 1503 231 21—24.
1755 181 1821 231 41

260 330 379 378 quas
405 329 577 362 omnes
601 313 815 361 fortunas
848 313 933 360 iste
959 312 1022 359 T.
1050 311 1255 359 Roscius
1287 310 1484 358 nomine
1510 307 1826 372 Chrysogoni,

260 413 405 459 quem
441 396 503 443 ad
533 396 735 443 modum
767 396 870 457 ipse
889 395 1021 452 dicit,
1052 395 1285 456 impetum
1309 392 1435 439 facit.
1508 388 1669 458 [Haec
1698 392 1829 438 bona

260 477 483 526 emuntur
503 477 690 526 duobus
715 477 907 524 milibus
931 471 1223 540 nummum]
1269 474 1407 521 Haec
1433 473 1611 530 omnia,
1630 471 1826 531 iudices,

213 578 220 584 ·
260 560 558 622 imprudente
596 559 651 606 L.
679 558 809 606 Sulla
847 558 970 606 facta
1007 572 1111 605 esse
1153 564 1281 604 certo
1323 555 1452 614 scio;
1502 569 1660 616 neque
1700 554 1829 600 enim

259 642 448 699 mirum,
478 656 589 689 cum
625 640 799 688 eodem
835 648 1053 702 tempore
1089 647 1136 686 et
1165 653 1222 685 ea
1252 652 1374 700 quae
1402 636 1655 699 praeterita
1688 633 1827 682 sunt*

260 731 305 770 et
337 739 395 771 ea
419 738 544 785 quae
573 722 793 769 videntur
824 721 997 768 instare
1029 728 1296 782 praeparet,
1322 733 1435 766 cum
1468 725 1515 765 et
1546 717 1679 780 pacis
1711 732 1830 764 con—

261 804 528 853 stituendae
561 804 798 850 rationem
830 811 877 850 et
910 801 1020 849 belli
1052 801 1247 864 gerendi
1277 807 1562 863 potestatem
1592 799 1723 846 solus
1747 798 1830 846 ha-

259 889 382 944 beat,
408 901 518 933 cum
543 900 713 933 omnes
736 885 786 931 in
810 899 962 931 unum
991 891 1218 945 spectent,
1244 897 1368 929 unus
1393 881 1557 929 omnia
1582 882 1830 942 gubernet,

260 983 370 1015 cum
395 976 464 1014 tot
489 967 726 1028 tantisque
751 965 954 1028 negotiis
979 965 1213 1012 distentus
1239 965 1310 1022 sit,
1335 972 1387 1010 ut
1420 963 1652 1026 respirare
1685 963 1832 1009 libere

259 1065 360 1097 non
396 1048 562 1111 possit,
591 1048 628 1094 si
664 1047 841 1109 aliquid
877 1062 976 1094 non
1013 1045 1371 1103 animadvertat,
1405 1061 1517 1094 cum
1553 1045 1831 1107 praesertim

259 1140 359 1178 tam
400 1130 536 1177 multi
578 1129 950 1190 occupationem
990 1128 1091 1175 eius
1133 1129 1386 1174 observent
1427 1136 1712 1190 tempusque
1749 1141 1832 1173 au-

260 1221 507 1275 cupentur,
540 1219 605 1269 ut,
638 1210 776 1256 simul
811 1218 955 1271 atque
992 1209 1067 1256 ille
1105 1209 1386 1271 despexerit,
1422 1209 1600 1271 aliquid
1635 1210 1834 1256 huiusce

260 1295 393 1342 modi
417 1293 686 1340 moliantur.
729 1318 737 1327 ι
758 1291 873 1338 Huc
898 1291 1091 1350 accedit,
1120 1293 1253 1353 quod
1278 1292 1496 1354 quamvis
1522 1291 1599 1339 ille
1622 1291 1733 1337 felix
1759 1291 1832 1347 sit,

260 1376 382 1423 sicut
414 1383 497 1432 est,
522 1382 684 1421 tamen
711 1370 806 1438 [in]
841 1381 976 1420 tanta
1011 1371 1233 1420 felicitate
1270 1388 1416 1420 nemo
1449 1379 1608 1435 potest
1639 1387 1758 1430 esse,
1785 1372 1834 1418 in

260 1472 438 1519 magna
472 1455 650 1503 familia
682 1455 764 1518 qui
800 1454 1047 1502 neminem
1082 1469 1240 1516 neque
1277 1470 1468 1502 servum
1504 1470 1661 1517 neque
1696 1455 1835 1501 liber-

185 1547 236 1587 23
259 1546 360 1586 tum
390 1538 663 1600 improbum
696 1536 882 1584 habeat.
952 1536 1143 1584 Interea
1166 1537 1255 1584 iste
1281 1536 1341 1583 T.
1370 1535 1591 1594 Roscius,
1618 1537 1687 1582 vir
1711 1537 1835 1599 opti-

259 1635 382 1678 mus,
412 1627 695 1682 procurator
731 1617 1051 1680 Chrysogoni,
1075 1617 1323 1666 Ameriam
1356 1620 1511 1677 venit;
1556 1619 1606 1665 in
1641 1619 1836 1681 praedia

259 1701 398 1748 huius
422 1701 601 1748 invadit
615 1716 628 1760 ;
665 1700 793 1748 hunc
818 1700 1061 1758 miserum,
1083 1701 1216 1747 luctu
1240 1700 1492 1763 perditum,
1513 1701 1593 1763 qui
1618 1700 1836 1747 nondum

260 1783 403 1830 etiam
445 1783 610 1830 omnia
649 1789 849 1845 paterno
884 1781 1041 1829 funeri
1077 1781 1201 1830 iusta
1242 1782 1472 1840 solvisset,
1510 1782 1693 1828 nudum
1731 1782 1838 1829 eicit

261 1864 409 1912 domo
450 1872 593 1928 atque
634 1863 753 1911 focis
792 1863 954 1925 patriis
996 1863 1166 1926 disque
1212 1865 1467 1926 penatibus
1509 1864 1835 1926 praecipitem,

260 1947 457 2004 iudices,
483 1947 702 1993 exturbat
717 1961 730 2004 ;
766 1946 869 2007 ipse
901 1945 1223 2007 amplissimae
1258 1946 1494 2008 pecuniae
1519 1946 1570 1992 fit
1595 1945 1834 1992 dominus.

262 2028 344 2091 qui
376 2029 425 2074 in
459 2043 544 2075 sua
577 2043 629 2075 re
660 2027 825 2074 fuisset
856 2027 1208 2088 egentissimus,
1234 2035 1349 2085 erat,
1374 2036 1427 2075 ut
1451 2027 1518 2084 fit,
1544 2026 1755 2074 insolens
1788 2027 1837 2073 in

261 2111 442 2158 aliena:
480 2109 630 2156 multa
662 2108 823 2170 palam
856 2108 1056 2155 domum
1088 2123 1225 2156 suam
1261 2108 1522 2166 auferebat,
1548 2108 1684 2171 plura
1713 2107 1837 2155 clam

263 2192 323 2239 de
358 2192 521 2239 medio
557 2191 861 2248 removebat3
903 2206 1004 2238 non
1039 2207 1196 2253 pauca
1233 2192 1331 2239 suis
1367 2192 1662 2238 adiutoribus
1702 2190 1836 2251 large

261 2274 509 2336 effuseque
536 2273 750 2320 donabat
766 2288 778 2330 3
815 2271 1001 2334 reliqua
1031 2273 1290 2326 constituta
1322 2273 1544 2319 auctione
1569 2272 1835 2318 vendebat:

187 2365 238 2403 24
262 2360 316 2404 9.
354 2356 486 2419 quod
509 2355 754 2402 Amerinis
786 2369 939 2416 usque
971 2370 1029 2401 eo
1053 2355 1207 2401 visum
1242 2363 1313 2402 est
1341 2355 1609 2417 indignum,
1635 2363 1687 2401 ut
1720 2355 1838 2400 urbe

260 2447 361 2486 tota
398 2437 539 2485 fietus
574 2437 875 2499 gemitusque
912 2436 1060 2482 fieret.
1129 2435 1324 2483 Etenim
1359 2436 1509 2483 multa
1547 2436 1685 2484 simul
1726 2444 1838 2483 ante

262 2520 430 2568 oculos
443 2520 759 2566 versabantur
781 2534 790 2565 :
822 2532 954 2564 mors
973 2516 1182 2564 hominis
1198 2518 1522 2565 florentissimi
1544 2518 1652 2565 Sex.
1672 2517 1839 2564 Roscii

262 2601 601 2660 crudelissima,
629 2600 711 2647 filii
747 2608 908 2647 autem
945 2598 1046 2645 eius
1083 2608 1271 2661 egestas
1300 2599 1645 2662 indignissima,
1671 2599 1746 2647 cui
1781 2599 1839 2646 de

261 2691 395 2731 tanto
429 2682 721 2745 patrimonio
756 2680 937 2744 praedo
973 2680 1060 2727 iste
1095 2680 1302 2728 nefarius
1338 2697 1399 2728 ne
1435 2681 1521 2728 iter
1545 2682 1741 2743 quidem
1779 2681 1841 2728 ad

261 2765 537 2828 sepulcrum
568 2764 774 2827 patrium
800 2762 1080 2825 reliquisset,
1105 2763 1345 2811 bonorum
1378 2764 1558 2826 emptio
1587 2763 1839 2825 flagitiosa,

262 2847 519 2910 possessio,
545 2846 682 2905 furta,
715 2846 923 2908 rapinae,
959 2843 1271 2892 donationes:
1309 2861 1454 2894 nemo
1485 2853 1586 2894 erat
1620 2845 1702 2908 qui
1739 2860 1842 2893 non

185 568 208 605 ιθ

214 567 235 604 ιν
