2060 3086
591 178 712 219 PRO
749 178 884 218 SEX.
924 177 1156 218 ROSCIO.
1233 167 1290 235 ξξ
1322 183 1510 235 11-13.
1767 152 1861 234 37'

271 437 312 476 T
305 437 354 476 lte
363 441 531 489 present
549 436 657 475 trial
672 437 708 475 is
726 449 798 475 one
817 435 868 488 qs
869 435 1012 488 public
1031 436 1211 475 interest.
1279 435 1360 474 You
1381 434 1484 473 lzave
1505 447 1597 473 now
1615 428 1680 474 tlte
1698 440 1834 487 oppor-

434 505 575 556 tunity
594 511 632 544 to
650 510 783 557 stamp
801 510 873 544 out
889 518 947 543 an
967 504 1053 544 evil
1068 504 1200 543 wlzz'clz
1222 516 1317 553 may
1335 503 1450 556 affi’ct
1469 517 1518 541 us
1534 504 1607 543 all.

331 641 386 685 5.
423 637 619 695 Quanta
642 637 895 685 multitudo
920 637 1172 684 hominum
1202 636 1473 685 convenerit
1497 636 1558 683 ad
1590 635 1682 683 hoc
1714 634 1833 682 iudi-

261 718 387 766 cium
430 719 591 778 vides;
651 735 775 781 quae
829 719 889 766 sit
936 719 1155 766 omnium
1202 718 1472 766 mortalium
1519 717 1830 779 exspectatio,

259 814 382 861 quae
419 801 651 862 cupiditas
686 809 737 848 ut
770 802 896 848 acria
929 817 984 848 ac
1018 816 1180 848 severa
1211 800 1386 847 iudicia
1419 800 1535 846 fiant
1568 798 1802 859 intellegis
1820 815 1831 857 ;

258 881 408 944 longo
433 882 680 930 intervallo
705 883 934 930 iudicium
959 883 1080 930 inter
1104 883 1298 930 sicarios
1331 882 1424 929 hoc
1463 882 1673 944 primum
1696 896 1831 927 com-

259 963 484 1010 mittitur:
530 979 640 1011 cum
676 964 856 1012 interea
892 964 1065 1011 caedes
1099 964 1460 1027 indignissimae
1497 964 1832 1024 maximaeque

258 1044 411 1092 factae
455 1046 562 1103 sint,
599 1060 770 1093 omnes
805 1045 932 1093 hanc
969 1047 1301 1108 quaestionem
1341 1054 1386 1093 te
1421 1053 1639 1108 praetore
1675 1045 1831 1092 mani-

257 1126 388 1174 festis
424 1126 670 1175 maleficiis
700 1127 1044 1190 cotidianoque
1075 1128 1306 1190 sanguine
1336 1127 1614 1179 ’tdimissius
1639 1136 1831 1189 sperant

186 1213 234 1251 12
257 1207 477 1255 futuram.
571 1207 684 1266 Qua
724 1208 1065 1256 vociferatione
1107 1209 1157 1255 in
1200 1209 1369 1256 ceteris
1407 1209 1594 1256 iudiciis
1633 1224 1829 1256 accusa—

255 1298 381 1337 tores
418 1290 487 1336 uti
526 1298 891 1348 consueverunt,
928 1307 987 1338 ea
1025 1306 1115 1338 nos
1151 1291 1245 1338 hoc
1281 1298 1500 1353 tempore
1535 1292 1712 1337 utimur
1747 1291 1829 1353 qui

256 1386 452 1417 causam
489 1370 722 1420 dicimus&
761 1373 969 1434 petimus
1005 1373 1091 1419 abs
1127 1381 1188 1429 te,
1224 1371 1293 1418 M.
1320 1372 1490 1431 Fanni,
1519 1389 1547 1419 a
1582 1373 1827 1435 vobisque,

254 1452 450 1510 iudices,
488 1461 540 1499 ut
576 1468 723 1515 quam
759 1454 990 1501 acerrime
1026 1454 1261 1501 maleficia
1296 1455 1557 1512 vindicetis,
1593 1462 1644 1501 ut
1679 1470 1827 1517 quam

253 1533 509 1582 fortissime
541 1534 818 1582 hominibus
852 1536 1184 1583 audacissimis
1217 1537 1459 1594 resistatis,
1484 1545 1536 1583 ut
1570 1535 1662 1584 hoc
1696 1537 1826 1598 cogi-

252 1616 373 1674 tetis,
399 1617 490 1663 nisi
521 1617 572 1663 in
610 1617 701 1665 hac
737 1633 883 1665 causa
907 1618 989 1680 qui
1014 1626 1170 1666 vester
1201 1619 1389 1666 animus
1422 1619 1478 1665 sit
1510 1618 1823 1677 ostenderitis,

251 1714 310 1746 eo
329 1714 642 1761 prorumpere
658 1699 911 1747 hominum
925 1700 1235 1762 cupiditatem
1256 1709 1302 1748 et
1321 1701 1474 1748 scelus
1492 1709 1538 1747 et
1557 1701 1822 1758 audaciam,
1892 1690 1894 1694 ¹

250 1789 302 1827 ut
326 1796 426 1828 non
450 1781 598 1828 modo
623 1782 762 1839 clam,
787 1797 955 1829 verum
987 1783 1131 1830 etiam
1162 1782 1238 1830 hic
1269 1784 1318 1829 in
1343 1782 1449 1830 foro
1482 1792 1593 1829 ante
1618 1783 1823 1830 tribunal

249 1870 398 1920 tuum,
437 1862 508 1910 M.
545 1863 715 1922 Fanni,
755 1873 863 1911 ante
901 1865 1050 1927 pedes
1086 1873 1282 1922 vestros,
1320 1865 1516 1924 iudices,
1555 1865 1678 1912 inter
1719 1866 1823 1927 ipsa

178 1953 226 1990 13
249 1944 470 1992 subsellia
494 1946 665 1993 caedes
698 1946 882 1994 futurae
915 1947 1021 1994 sint.
1091 1947 1286 1994 Etenim
1318 1948 1433 2009 quid
1465 1947 1593 1994 aliud
1626 1947 1718 1995 hoc
1751 1948 1822 1994 iu-

248 2026 371 2073 dicio
396 2034 670 2088 temptatur,
696 2029 787 2075 nisi
810 2037 863 2076 ut
891 2029 940 2075 id
965 2030 1064 2076 fieri
1089 2030 1261 2076 liceat?
1313 2028 1559 2076 Accusant
1582 2029 1639 2088 ei,
1668 2030 1748 2091 qui
1772 2030 1820 2076 in

245 2106 459 2154 fortunas
499 2108 640 2156 huius
682 2110 958 2157 invaserunt
970 2127 983 2170 3
1033 2127 1230 2158 causam
1272 2111 1385 2158 dicit
1427 2111 1480 2169 is,
1520 2112 1594 2158 cui
1635 2121 1822 2174 praeter

246 2189 566 2236 calamitatem
603 2191 717 2237 nihil
752 2192 1070 2254 reliquerunt3
1114 2201 1337 2240 accusant
1373 2193 1429 2250 ei,
1457 2194 1631 2255 quibus
1663 2194 1819 2241 occidi

245 2281 430 2333 patrem
469 2271 577 2318 Sex.
605 2271 772 2320 Roscii
809 2274 942 2321 bono
978 2273 1091 2322 fuit:
1144 2289 1339 2321 causam
1375 2275 1486 2321 dicit
1522 2275 1574 2332 is,
1606 2276 1682 2323 cui
1719 2291 1818 2322 non

244 2353 395 2399 modo
419 2352 599 2400 luctum
624 2369 755 2401 mors
779 2355 926 2416 patris
960 2356 1125 2413 attulit,
1153 2371 1317 2402 verum
1350 2357 1494 2402 etiam
1526 2365 1816 2418 egestatem;

244 2443 475 2481 accusant
514 2435 569 2493 ei,
596 2436 676 2498 qui
713 2435 840 2483 hunc
874 2437 1033 2498 ipsum
1065 2437 1279 2499 iugulare
1315 2453 1500 2485 summe
1534 2439 1813 2501 cupierunt:

244 2530 439 2562 causam
476 2516 591 2564 dicit
626 2517 678 2575 is,
716 2518 797 2580 qui
834 2518 976 2564 etiam
1013 2517 1074 2564 ad
1116 2518 1206 2565 hoc
1242 2518 1400 2580 ipsum
1437 2520 1664 2567 iudicium
1701 2537 1814 2567 cum

241 2598 483 2659 praesidio
508 2599 648 2654 venit,
683 2615 745 2646 ne
781 2599 857 2646 hic
895 2600 1072 2646 ibidem
1109 2609 1217 2646 ante
1254 2601 1418 2648 oculos
1451 2611 1636 2649 vestros
1671 2604 1814 2650 truci-

242 2678 405 2736 detur3
443 2679 650 2741 denique
677 2689 902 2727 accusant
927 2681 983 2738 ei,
1013 2697 1134 2743 quos
1159 2682 1366 2744 populus
1398 2685 1579 2745 poscit:
1618 2700 1814 2733 causam

241 2760 352 2807 dicit
410 2760 464 2819 is,
515 2761 596 2824 qui
651 2777 773 2809 unus
828 2762 1015 2810 relictus
1073 2779 1131 2810 ex
1191 2763 1379 2811 illorum
1431 2765 1610 2813 nefaria
1665 2768 1812 2815 caede

240 2850 394 2888 restat.
