2124 3086
595 186 713 228 PRO
749 186 887 228 SEX.
926 187 1156 228 ROSCIO.
1232 177 1291 245 ξς
1329 174 1516 243 15-18.
1769 192 1835 245 39

264 319 436 382 nicipii,
476 333 640 367 verum
682 319 826 367 etiam
868 319 969 367 eius
1009 319 1262 366 vicinitatis
1308 318 1449 367 facile
1490 319 1688 381 primus,
1734 327 1837 365 tum

262 401 414 463 gratia
450 407 594 463 atque
630 401 848 463 hospitiis
886 400 1061 449 florens
1102 400 1357 448 hominum
1393 401 1805 447 nobilissimorum
1822 416 1834 457 ;

263 498 377 530 nam
401 498 512 530 cum
536 481 756 541 Metellis,
785 482 1002 541 Serviliis,
1031 482 1335 545 Scipionibus
1360 491 1460 530 erat
1484 483 1526 529 ei
1561 497 1662 529 non
1687 481 1837 528 modo

262 564 539 626 hospitium,
575 579 741 611 verum
775 565 921 612 etiam
956 565 1250 612 domesticus
1285 579 1400 611 usus
1437 572 1485 611 et
1520 563 1836 620 consuetudo,

263 661 397 709 quas,
422 654 475 693 ut
507 662 717 709 aequum
753 654 839 704 est,
871 647 1075 694 familias
1108 645 1376 693 honestatis
1413 645 1836 707 amplitudinisque

263 728 413 790 gratia
450 729 677 776 nomino:
729 729 889 791 itaque
926 744 988 776 ex
1023 728 1251 775 omnibus
1292 728 1389 775 suis
1430 727 1702 775 commodis
1740 726 1835 773 hoc

263 807 421 855 solum
459 809 558 856 filio
601 810 817 873 reliquit:
872 825 986 857 nam
1029 809 1372 873 patrimonium
1410 808 1661 856 domestici
1700 823 1837 869 prae-

265 889 416 937 dones
451 891 496 937 vi
535 900 751 954 ereptum
792 891 1054 954 possident,
1093 891 1220 938 fama
1257 898 1305 938 et
1340 891 1434 938 vita
1468 890 1736 938 innocentis
1776 891 1837 937 ab

191 978 240 1016 16
264 971 532 1034 hospitibus
568 973 830 1036 amicisque
871 974 1082 1036 paternis
1119 972 1403 1020 defenditur.
1472 972 1521 1019 Is
1558 987 1669 1019 cum
1705 972 1837 1018 omni

262 1060 478 1114 tempore
521 1054 779 1101 nobilitatis
814 1054 968 1101 fautor
1002 1053 1182 1111 fuisset,
1220 1062 1320 1101 tum
1355 1053 1449 1101 hoc
1486 1053 1690 1100 tumultu
1726 1067 1837 1113 pro-

261 1134 408 1193 ximo,
443 1150 555 1182 cum
590 1135 807 1182 omnium
843 1136 1076 1183 nobilium
1108 1135 1314 1197 dignitas
1350 1143 1398 1182 et
1431 1135 1554 1182 salus
1589 1134 1639 1180 in
1673 1134 1836 1181 discri-

262 1231 376 1263 men
399 1217 591 1275 veniret‚
618 1225 805 1278 praeter
840 1225 1024 1265 ceteros
1059 1217 1110 1265 in
1146 1233 1204 1264 ea
1235 1217 1470 1264 vicinitate
1506 1231 1614 1263 eam
1650 1223 1836 1278 partem

262 1313 553 1360 causamque
600 1313 760 1360 opera,
809 1298 983 1357 studio,
1031 1299 1309 1346 auctoritate
1362 1297 1599 1355 defendit;
1660 1297 1837 1344 etenim

261 1387 443 1426 rectum
468 1381 665 1440 putabat
692 1395 781 1441 pro
813 1395 981 1427 eorum
1012 1380 1265 1427 honestate
1300 1395 1350 1427 se
1383 1394 1613 1442 pugnare,
1640 1386 1836 1440 propter

261 1475 383 1523 quos
407 1461 507 1522 ipse
540 1460 901 1508 honestissimus
925 1462 1045 1509 inter
1077 1477 1190 1509 suos
1214 1462 1569 1508 numerabatur.
1641 1460 1835 1507 Postea-

261 1558 408 1604 quam
433 1542 628 1590 victoria
652 1545 912 1591 constituta
935 1551 1010 1591 est
1034 1545 1095 1590 ab
1128 1545 1369 1606 armisque
1399 1543 1698 1601 recessimus,
1725 1559 1835 1590 cum

261 1624 668 1685 proscriberentur
690 1623 914 1672 homines
946 1634 1090 1687 atque
1122 1641 1180 1671 ex
1212 1625 1347 1671 omni
1379 1625 1575 1687 regione
1608 1640 1835 1685 caperen-

262 1712 337 1750 tur
377 1704 434 1762 ei,
471 1705 552 1767 qui
590 1705 844 1753 adversarii
883 1705 1028 1753 fuisse
1063 1707 1369 1769 putabantur,
1400 1715 1499 1753 erat
1534 1706 1609 1752 ille
1647 1705 1834 1751 Romae

260 1785 499 1848 frequens,
539 1786 589 1832 in
629 1785 735 1835 foro
778 1796 823 1834 et
865 1787 914 1834 in
953 1804 1034 1836 ore
1078 1789 1299 1835 omnium
1335 1788 1508 1835 cotidie
1544 1788 1832 1844 versabatur,

262 1868 416 1930 magis
463 1877 515 1915 ut
568 1869 799 1916 exsultare
846 1870 1044 1917 victoria
1097 1870 1359 1916 nobilitatis
1406 1870 1641 1916 videretur
1689 1882 1834 1930 quam

262 1950 430 1997 timere
456 1965 517 1996 ne
543 1950 658 2012 quid
682 1966 741 1998 ex
775 1966 832 1998 ea
855 1952 1139 1998 calamitatis
1174 1952 1262 1998 sibi
1295 1952 1546 1999 accideret.
1618 1950 1769 1996 Erant
1793 1949 1835 1996 ei

260 2039 441 2078 veteres
475 2031 749 2080 inimicitiae
782 2048 892 2080 cum
916 2033 1103 2080 duobus
1129 2033 1322 2080 Rosciis
1348 2034 1600 2090 Amerinis,
1627 2046 1834 2094 quorum

261 2113 460 2160 alterum
499 2113 664 2160 sedere
706 2114 756 2160 in
794 2123 1126 2161 accusatorum
1169 2114 1403 2161 subselliis
1441 2114 1596 2171 video,
1634 2113 1834 2160 alterum

260 2195 348 2242 tria
382 2194 578 2242 huiusce
610 2196 804 2257 praedia
840 2196 1086 2258 possidere
1123 2196 1292 2244 audio:
1329 2212 1450 2259 quas
1489 2195 1760 2242 inimicitias
1796 2195 1834 2240 si

259 2286 359 2325 tam
405 2293 573 2324 cavere
626 2278 868 2339 potuisset,
917 2293 1064 2340 quam
1116 2287 1325 2324 metuere
1382 2279 1580 2334 solebat,
1628 2277 1830 2324 viveret:

259 2374 416 2421 neque
443 2359 587 2416 enim,
612 2359 808 2416 iudices,
834 2359 1003 2406 iniuria
1039 2361 1311 2406 metuebat:
1350 2375 1463 2405 nam
1489 2359 1586 2405 duo
1618 2358 1693 2404 isti
1723 2365 1833 2404 sunt

261 2440 324 2488 T.
353 2440 527 2500 Roscii,
553 2456 756 2503 quorum
786 2441 919 2487 alteri
945 2440 1170 2502 Capitoni
1202 2456 1477 2500 cognomen
1511 2448 1596 2496 est,
1622 2440 1723 2497 iste,
1752 2440 1833 2501 qui

261 2522 409 2581 adest,
436 2521 648 2584 Magnus
674 2534 884 2579 vocatur,
912 2522 1131 2568 homines
1164 2522 1304 2568 huius
1341 2522 1499 2568 modi:
1537 2522 1655 2567 alter
1686 2521 1834 2582 pluri-

261 2619 448 2650 marum
484 2604 753 2666 palmarum
786 2612 918 2651 vetus
951 2619 1005 2650 ac
1042 2603 1216 2650 nobilis
1250 2602 1484 2665 gladiator
1517 2602 1732 2659 habetur,
1758 2602 1831 2648 hic

261 2694 422 2733 autem
458 2701 607 2748 nuper
644 2701 694 2734 se
731 2686 792 2732 ad
829 2700 940 2731 eum
976 2684 1198 2731 lanistam
1235 2684 1463 2741 contullt;
1494 2685 1684 2747 ,quique
1721 2691 1831 2731 ante

261 2767 384 2814 hanc
419 2782 634 2829 pugnam
669 2767 758 2814 tiro
794 2777 931 2821 esset,
959 2762 1111 2830 [quod
1148 2763 1334 2831 sciam,]
1363 2765 1497 2812 facile
1533 2766 1692 2827 ipsum
1729 2781 1832 2812 ma-

190 2859 238 2897 18
262 2849 460 2911 gistrum
497 2849 673 2896 scelere
709 2847 998 2908 audaciaque
1036 2847 1280 2909 superavit.
1354 2852 1407 2900 7.
1446 2846 1574 2894 Nam
1608 2863 1719 2895 cum
1756 2847 1829 2893 hic
