2060 3086
297 176 376 232 54,
620 171 738 218 PRO
775 171 913 234 max,>
952 179 1183 223 ROSCIO.
1258 169 1318 238 §§
1343 170 1542 236 58-6'1.

299 312 429 368 unde
467 312 590 361 istud
611 313 748 361 vobis
772 312 1003 375 suspicari
1027 312 1078 360 in
1112 314 1325 360 mentem
1349 315 1543 363 venerit.
1615 310 1742 363 Cum
1773 315 1870 364 hoc

298 395 447 443 modo
481 410 691 454 accusas,
721 395 882 454 Eruci,
913 410 1078 443 nonne
1111 395 1205 442 hoc
1241 395 1402 458 palam
1433 396 1585 445 dicis:
1624 413 1718 460 ego
1752 396 1871 461 quid

299 478 570 540 acceperim
595 479 712 537 scio,
742 477 859 541 quid
891 477 1052 525 dicam
1081 478 1276 536 nescio;
1312 492 1465 525 unum
1500 479 1612 526 illud
1647 480 1874 543 spectavi,

299 560 432 622 quod
449 560 800 622 Chrysogonus
818 560 987 618 aiebat,
1004 560 1249 606 neminem
1268 560 1343 607 isti
1358 569 1616 622 patronum
1635 561 1847 609 futurum
1858 556 1877 620 ς’

299 642 361 689 de
395 643 635 691 bonorum
668 643 914 706 emptione
949 642 1103 705 deque
1139 657 1197 689 ea
1232 642 1458 690 societate
1489 644 1732 691 neminem
1766 659 1872 692 esse

299 725 381 787 qui
405 726 602 772 verbum
630 724 788 773 facere
812 725 1010 772 auderet
1032 723 1127 772 hoc
1164 732 1397 787 ternpore.
1469 724 1609 772 Haec
1634 734 1680 773 te
1704 726 1869 790 opinio

300 806 418 856 falsa
452 808 505 855 in
537 808 677 855 istam
700 806 916 855 fraudem
951 806 1168 869 impulit:
1206 821 1308 854 non
1339 806 1637 855 mehercules
1672 808 1870 855 verbum

21 888 187 952 Second·
298 889 503 946 fecisses,
532 890 569 937 si
593 889 678 937 tibi
702 904 994 953 quemquam
1019 904 1364 952 responsurum
1387 897 1618 951 putasses,
1679 889 1870 952 Operae
1892 894 1943 934 59

21 944 257 994 d1gress10n.
297 973 503 1035 pretium
528 980 642 1030 erat,
670 972 710 1019 si
733 971 1145 1029 animadvertistis,
1171 971 1365 1029 iudices,
1391 971 1746 1033 neglegentiam
1769 973 1870 1020 eius

295 1056 346 1102 in
370 1053 643 1102 accusando
662 1053 984 1102 considerare:
1023 1053 1181 1111 credo,
1203 1068 1314 1101 cum
1334 1053 1527 1100 vidisset
1551 1053 1630 1116 qui
1649 1053 1879 1102 homines*

296 1137 347 1184 in
387 1135 521 1184 hisce
561 1135 796 1184 subselliis
837 1135 1070 1194 sederent,
1108 1136 1353 1198 quaesisse
1394 1149 1510 1181 num
1552 1136 1630 1184 ille
1671 1143 1755 1183 aut
1794 1135 1869 1185 ille

297 1218 578 1267 defensurus
597 1226 748 1265 esset:
783 1217 842 1265 de
866 1233 946 1264 me
971 1233 1031 1264 ne
1057 1218 1354 1279 suspicatum
1379 1217 1575 1280 quidem
1599 1233 1717 1276 esse,
1737 1218 1870 1282 quod

297 1309 440 1349 antea
464 1316 660 1348 causam
684 1300 930 1363 publicam
955 1299 1136 1347 nullam
1161 1299 1378 1347 dixerim.
1450 1299 1775 1362 Posteaquam
1798 1300 1869 1348 in-

295 1384 424 1431 venit
449 1384 693 1430 neminem
717 1398 899 1442 eorum,
924 1382 1005 1445 qui
1028 1389 1229 1444 possunt
1252 1391 1298 1429 et
1323 1382 1493 1441 solent,
1520 1382 1585 1429 ita
1609 1381 1872 1445 neglegens

296 1482 399 1514 esse
426 1466 597 1528 coepit,
622 1474 674 1512 ut
698 1481 809 1514 cum
833 1465 883 1512 in
907 1474 1120 1512 mentem
1140 1465 1320 1513 veniret
1345 1465 1404 1522 ei,
1430 1465 1670 1523 resideret,
1696 1464 1870 1512 deinde

297 1549 591 1612 spatiaretur,
617 1563 716 1597 non
752 1563 1019 1610 numquam
1055 1548 1200 1595 etiam
1236 1562 1439 1609 puerum
1475 1555 1683 1599 vocaret,
1709 1546 1867 1604 cred0‚

297 1632 374 1679 cui
410 1646 581 1679 cenam
618 1630 888 1693 imperaret,
913 1644 1110 1692 prorsus
1145 1638 1198 1677 ut
1231 1636 1389 1677 vestro
1425 1643 1657 1676 consessu
1694 1637 1740 1676 et
1774 1628 1870 1676 hoc

297 1721 536 1762 conventu
552 1728 642 1775 pro
661 1728 853 1760 summa
872 1712 1126 1760 solitudine
1152 1712 1436 1759 abuteretur.
1506 1714 1602 1760 22.
1629 1710 1870 1758 Peroravit
1893 1719 1944 1756 60

298 1795 557 1858 aliquando
565 1813 577 1854 ;
617 1794 824 1853 adsedit3
859 1794 1040 1842 surrexi
1066 1809 1182 1856 ego:
1223 1793 1452 1855 respirare
1476 1793 1604 1840 visus
1628 1799 1711 1851 est,
1739 1791 1871 1855 quod

295 1893 398 1927 non
434 1878 552 1924 alius
576 1877 734 1939 potius
758 1876 948 1924 diceret.
1019 1875 1174 1939 Coepi
1197 1875 1369 1922 dicere.
1439 1874 1607 1936 Usque
1631 1889 1691 1921 eo
1717 1874 1870 1921 anim-

298 1960 488 2018 adverti,
525 1959 717 2018 iudices,
759 1974 871 2006 eum
906 1958 1052 2006 iocari
1091 1966 1233 2026 atque
1281 1957 1397 2004 alias
1446 1971 1520 2003 res
1569 1972 1724 2019 agere,
1760 1965 1871 2004 ante

297 2057 446 2105 quam
470 2041 845 2103 Chrysogonum
873 2040 1147 2087 nominavi:
1185 2054 1332 2102 quem
1368 2038 1508 2086 simul
1546 2046 1688 2100 atque
1725 2039 1869 2100 attigi,

298 2124 455 2172 statim
475 2123 622 2171 homo
647 2138 696 2170 se
721 2123 888 2181 erexit;
914 2122 1072 2169 mirari
1096 2122 1224 2169 visus
1248 2129 1332 2168 est.
1388 2120 1607 2168 Intellexi
1623 2120 1738 2182 quid
1757 2135 1870 2168 eum

296 2206 589 2270 pupugisset.
660 2205 843 2252 Iterum
867 2221 922 2252 ac
947 2205 1087 2252 tertio
1124 2204 1385 2252 nominavi.
1458 2203 1632 2251 Postea
1650 2202 1871 2251 homines

298 2303 487 2335 cursare
505 2287 629 2335 ultro
645 2295 691 2335 et
710 2287 828 2335 citro
844 2302 944 2334 non
963 2287 1254 2344 destiterunt,
1273 2286 1433 2343 credo,
1450 2285 1532 2348 qui
1551 2284 1871 2347 Chrysogono

297 2371 566 2418 nuntiarent
591 2385 697 2417 esse
722 2369 932 2432 aliquem
956 2369 1006 2416 in
1040 2369 1243 2427 civitate,
1270 2369 1350 2432 qui
1385 2376 1553 2415 contra
1577 2367 1871 2414 voluntatem

295 2453 396 2499 eius
438 2452 596 2499 dicere
634 2451 861 2510 auderet;
898 2451 1031 2498 aliter
1067 2466 1262 2498 causam
1298 2451 1375 2513 agi
1413 2458 1555 2512 atque
1592 2449 1668 2496 ille
1709 2450 1871 2497 existi—

297 2543 475 2581 maret:
535 2533 701 2596 aperiri
760 2533 1000 2580 bonorum
1058 2533 1355 2595 emptionem
1370 2549 1383 2591 3
1444 2533 1604 2580 vexari
1664 2532 1870 2595 pessime

298 2616 604 2673 societatem3
652 2615 853 2678 gratiam
888 2616 1251 2677 potentiamque
1288 2615 1388 2661 eius
1424 2614 1647 2676 neglegi3
1691 2613 1870 2661 iudices

298 2697 543 2759 diligenter
568 2697 837 2755 attendere3
874 2697 1058 2759 populo
1089 2711 1192 2742 rem
1223 2696 1475 2757 indignam
1498 2696 1659 2742 videri.
1729 2693 1870 2753 Quae
1893 2708 1942 2745 61

297 2779 526 2840 quoniam
553 2788 597 2826 te
622 2778 896 2833 fefellerunt,
921 2778 1081 2834 Eruci,
1103 2778 1428 2840 quoniamque
1453 2776 1584 2823 vides
1607 2792 1742 2823 versa
1765 2790 1869 2823 esse

297 2861 473 2919 omnia,
525 2876 720 2908 causam
766 2875 855 2922 pro
906 2859 1013 2907 Sex.
1055 2858 1252 2915 Roscio,
1291 2857 1330 2904 si
1376 2873 1477 2904 non
1512 2856 1784 2915 commode,
1823 2863 1872 2903 at
