2132 3094
306 177 373 227 80
590 185 709 227 PRO
746 186 883 227 SEX.
922 185 1155 227 ROSCIO·
1232 175 1292 244 ᾧῷ
1326 176 1590 243 125-1-28.

303 320 597 381 potuerunt?
652 319 815 383 Atque
853 320 947 368 hoc
989 335 1090 368 non
1132 319 1198 367 ita
1241 334 1484 382 quaeram,
1522 319 1718 378 iudices,
1745 325 1799 367 ut
1839 318 1888 367 id

305 400 463 448 dicam
487 416 590 449 esse
616 401 885 464 indignum,
911 401 1121 449 hominis
1146 402 1419 449 innocentis
1443 402 1573 449 bona
1596 402 1784 449 venisse
1798 413 1813 460 ς
1849 400 1887 448 si

304 482 435 529 enim
475 482 596 530 haec
630 483 887 530 audientur
926 500 982 531 ac
1015 483 1165 531 libere
1197 483 1429 541 dicentur,
1463 498 1564 532 non
1598 483 1684 531 fuit
1727 491 1887 532 tantus

304 564 453 612 homo
502 565 612 612 Sex.
661 564 868 613 Roscius
917 567 966 613 in
1015 565 1216 625 civitate,
1266 573 1319 612 ut
1367 565 1427 613 de
1475 581 1536 613 eo
1582 566 1887 629 potissimum

306 662 670 709 conqueramur.
742 646 928 694 Verum
956 643 1096 714 [ego]
1130 647 1222 696 hoc
1259 663 1472 711 quaero:
1511 648 1593 711 qui
1628 655 1888 711 potuerunt

305 729 396 775 ista
431 729 534 790 ipsa
568 728 689 791 1636,
715 744 836 791 quae
873 728 933 776 de
970 730 1321 793 proscriptione
1357 739 1441 789 est,
1469 732 1564 778 sive
1589 730 1783 778 Valeria
1815 738 1887 776 est

307 811 404 858 sive
429 810 843 869 Cornelia‚—-non
878 812 1010 859 enim
1035 813 1148 860 novi
1182 829 1271 861 nec
1302 814 1636 862 scio—verum
1668 813 1758 860 ista
1782 813 1887 875 ipsa

306 894 412 957 1636
449 894 579 941 bona
623 893 732 941 Sex.
773 894 939 942 Roscii
981 896 1142 943 venire
1182 897 1262 959 qui
1298 898 1591 959 potuerunt?
1644 895 1887 958 Scriptum
1911 905 1988 944 126

306 977 437 1022 enim
485 976 549 1023 ita
595 976 763 1023 dicunt
810 991 942 1025 esse:
1002 993 1069 1026 UT
1113 994 1281 1027 EORUM
1335 994 1462 1027 BONA
1515 993 1752 1037 VENEANT,
1803 991 1887 1033 Qur

307 1073 587 1106 PRoscR1PT1
622 1074 778 1107 SUNT:
815 1075 914 1122 quo
950 1060 1000 1107 in
1037 1075 1243 1109 numero
1270 1060 1379 1108 Sex.
1407 1060 1614 1109 Roscius
1650 1076 1751 1108 non
1787 1069 1885 1109 est:

307 1156 407 1188 Aur
432 1155 614 1198 EORUM,
640 1156 723 1196 Qm
748 1157 799 1190 IN
824 1157 1235 1191 ADVERSARIORUM
1270 1158 1533 1191 PRAEsmns
1562 1158 1710 1192 ocmsr
1735 1157 1886 1191 SUNT:

308 1223 425 1269 dum
449 1223 686 1285 praesidia
710 1223 806 1270 ulla
829 1223 1031 1281 suerunt,
1052 1226 1100 1271 in
1124 1225 1282 1273 Sullae
1307 1226 1557 1289 praesidiis
1576 1225 1683 1285 fuit;
1720 1233 1888 1288 postea

308 1321 456 1368 quarn
475 1307 537 1353 ab
556 1308 703 1354 armis
729 1322 970 1354 recessum
996 1316 1081 1365 est,
1101 1308 1151 1354 in
1177 1323 1370 1355 summo
1388 1309 1490 1355 otio
1514 1307 1704 1355 rediens
1720 1324 1749 1354 a
1767 1323 1887 1356 cena

309 1387 499 1436 Romae
523 1389 710 1436 occisus
742 1398 827 1436 est.
901 1389 948 1436 Si
986 1389 1107 1452 lege,
1153 1391 1281 1438 bona
1319 1405 1513 1454 quoque
1553 1389 1660 1453 1636
1702 1390 1887 1437 venisse

308 1470 460 1518 fateor
478 1486 490 1529 ;
530 1472 603 1518 sin
626 1480 788 1519 autem
811 1481 1013 1529 constat,
1033 1480 1200 1520 contra
1223 1473 1383 1520 omnis
1402 1488 1502 1519 non
1530 1472 1678 1520 modo
1705 1480 1889 1520 veteres

307 1552 453 1616 leges,
480 1569 643 1600 vemm
668 1554 811 1601 etiam
836 1569 987 1601 novas
1012 1555 1228 1602 occisum
1254 1570 1373 1612 esse,
1399 1555 1530 1602 bona
1558 1569 1658 1617 quo
1682 1554 1782 1602 iure
1806 1562 1887 1602 aut

307 1650 406 1698 quo
430 1651 566 1683 more
595 1644 674 1683 aut
698 1651 795 1698 qua
819 1636 926 1699 lege
951 1636 1183 1684 venierint
1208 1652 1401 1699 quaero.

317 1814 400 1853 You
419 1814 542 1854 think
565 1815 659 1855 that
675 1817 709 1855 I
720 1830 788 1855 am
814 1817 937 1856 about
953 1822 992 1855 to
1016 1815 1151 1855 attack
1170 1817 1306 1866 Sulla,
1327 1816 1527 1856 Erucius,
1582 1817 1675 1856 But
1692 1815 1888 1856 [ascribe

314 1890 316 1895 '
416 1884 500 1922 tlzz's
528 1884 654 1924 tz'ssue
686 1885 738 1937 of
754 1885 947 1938 z’njustz'ce
975 1891 1013 1924 to
1045 1885 1112 1924 the
1145 1885 1323 1936 trz'ckery
1351 1885 1403 1937 of
1424 1886 1457 1924 C
1457 1885 1719 1937 lvysogonus.
1776 1886 1821 1925 It
1852 1885 1889 1924 is

415 1953 527 2005 quite
547 1954 719 2005 possible
746 1954 841 1993 tlzat
865 1954 932 1994 the
958 1954 1042 1993 sale
1069 1954 1120 2006 of
1137 1954 1204 1993 the
1225 1954 1345 2005 goods
1374 1954 1410 1992 is
1437 1967 1463 1992 a
1477 1954 1630 2007 fiction
1657 1954 1889 2006 altogether.

414 2023 538 2061 Sulla
559 2023 637 2063 lzas
661 2023 727 2062 tlte
750 2023 885 2062 world
908 2029 947 2062 to
976 2023 1078 2071 rule,
1101 2023 1191 2062 and
1213 2029 1363 2062 cannot
1380 2023 1423 2063 be
1441 2022 1627 2076 expected
1639 2029 1678 2063 to
1696 2036 1756 2063 see
1774 2022 1889 2062 what

409 2104 502 2143 goes
518 2105 571 2130 on
591 2091 637 2130 in
657 2105 779 2143 every
795 2105 949 2133 corner.

373 2208 473 2254 44.
512 2205 570 2251 In
595 2219 742 2267 quem
775 2204 866 2251 1106
900 2204 1060 2252 dicam
1085 2204 1289 2267 quaeris,
1314 2204 1491 2252 Eruci?
1543 2202 1658 2252 Non
1683 2204 1732 2250 in
1756 2218 1882 2263 eum,
1910 2213 1986 2255 127

306 2303 452 2350 quem
478 2287 547 2335 vis
580 2294 627 2333 et
652 2295 820 2349 putas;
859 2301 975 2332 nam
1002 2285 1186 2333 Sullam
1211 2294 1257 2334 et
1281 2286 1435 2334 oratio
1459 2301 1569 2333 mea
1592 2286 1655 2332 ab
1679 2285 1814 2333 initio
1839 2293 1887 2332 et

304 2370 449 2432 ipsius
485 2369 661 2417 eximia
696 2369 843 2416 virtus
881 2370 1015 2416 omni
1056 2378 1276 2431 tempore
1318 2369 1547 2431 purgavit.
1616 2367 1727 2429 Ego
1763 2367 1885 2415 haec

307 2453 471 2500 omnia
486 2451 862 2514 Chrysogonum
887 2450 1055 2499 fecisse
1081 2450 1204 2509 dico,
1221 2459 1274 2498 ut
1291 2450 1613 2508 ementiretur,
1632 2457 1684 2497 ut
1702 2449 1883 2497 malum

308 2533 460 2580 civem
497 2533 730 2580 Roscium
763 2532 910 2580 fuisse
947 2533 1164 2596 fingeret,
1195 2540 1247 2580 ut
1276 2548 1387 2580 eum
1424 2532 1554 2595 apud
1590 2532 1891 2581 adversarios-

307 2616 522 2664 occisum
566 2631 671 2663 esse
712 2616 901 2674 diceret,
941 2624 992 2662 ut
1030 2615 1105 2662 his
1145 2615 1205 2663 de
1243 2616 1384 2663 rebus
1427 2631 1455 2662 a
1492 2614 1662 2678 legatis
1696 2614 1882 2663 Ameri-

306 2712 479 2744 norum
515 2697 677 2744 doceri
715 2695 770 2744 L.
808 2696 988 2744 Sullam
1027 2713 1194 2760 passus
1228 2713 1328 2745 non
1364 2698 1451 2756 sit;
1495 2696 1702 2760 denique
1738 2697 1882 2747 etiam

306 2778 420 2825 illud
456 2779 686 2840 suspicor,
720 2779 920 2827 omnino
957 2779 1076 2827 haec
1111 2780 1242 2828 bona
1277 2795 1376 2827 non
1407 2779 1622 2827 venisse:
1664 2779 1714 2826 id
1748 2779 1882 2842 quod

306 2867 487 2922 postea,
516 2859 554 2905 si
583 2876 667 2921 per
691 2875 789 2927 vos,
810 2860 1220 2917 iudices‚,licitum
1245 2861 1346 2918 erit,
1373 2861 1622 2923 aperietur.
1696 2857 1890 2922 Opinorss
1907 2869 1983 2907 128
