2060 3086
296 175 367 232 52
620 177 736 218 PRO
773 177 911 236 SEx.
947 178 1180 221 Roscso.
1255 167 1316 238 ξξ
1343 169 1539 238 54-56,

290 308 511 373 -quidem,
544 309 748 361 voluisse
784 309 1072 359 exheredare
1108 319 1235 359 certe
1266 318 1318 358 tu
1349 311 1551 374 planum
1589 310 1748 360 facere
1787 310 1871 360 de-

297 391 397 440 bes,
469 389 599 450 Quid
623 407 738 457 ergo
767 392 925 441 adfers
955 408 1052 457 qua
1079 409 1130 441 re
1159 393 1210 440 id
1235 393 1416 442 factum
1451 395 1705 457 putemus?
1741 393 1870 442 Vere

291 473 415 531 'nihil
439 481 576 537 potes
601 473 774 523 dicere.
843 474 996 538 Finge
1032 474 1212 539 aliquid
1237 474 1407 523 saltem
1431 476 1704 534 commode,
1729 484 1783 524 ut
1806 491 1869 523 ne

286 555 440 618 jplane
477 555 677 604 videaris
707 556 756 604 id
792 557 964 616 facere,
1001 557 1134 622 quod
1174 566 1336 621 aperte
1375 557 1505 616 facis,
1540 557 1681 606 huius
1711 558 1872 606 miseri

292 637 497 687 fortunis
556 647 602 687 et
658 639 828 688 horum
878 640 1092 688 virorum
1150 640 1315 688 talium
1366 640 1585 703 dignitati
1641 640 1870 688 inludere.

300 723 310 742 ‘
326 719 630 769 Exheredare
649 721 799 769 filiurn
817 721 993 771 voluit!
1043 725 1054 747 ‘
1072 721 1237 781 Quam
1260 723 1326 769 ob
1344 737 1543 771 causam
1558 724 1576 772 ?
1592 723 1604 742 ’
1632 727 1644 749 ‘
1661 721 1869 771 Nescio.'

299 805 310 827 ⁶
326 800 710 851 Exheredavitne
725 805 742 851 ?
757 801 769 820 '
798 807 809 828 ‘
827 803 973 852 Non.'
1046 808 1058 829 ‘
1075 804 1197 863 Quis
1214 803 1490 867 prohibuit?
1507 803 1518 825 ’
1553 807 1565 831 ‘
1583 802 1868 867 Cogitabat.'

299 887 309 907 ‘
331 883 422 931 Cui
457 883 605 933 dixit?
621 883 633 903 ’
670 888 681 909 ‘
701 885 925 935 Nemini.'
999 885 1132 947 Quid
1156 895 1228 934 est
1252 885 1380 935 aliud
1403 886 1579 935 iudicio
1605 902 1661 936 ac
1685 886 1870 949 legibus

296 982 354 1014 ac
378 966 623 1015 maiestate
646 976 800 1016 vestra
823 969 954 1016 abuti
978 969 1042 1017 ad
1070 977 1324 1031 quaestum
1348 976 1492 1033 atque
1513 968 1578 1016 ad
1606 969 1869 1026 libidinem,

295 1048 385 1095 nisi
421 1047 513 1096 hoc
550 1048 699 1097 modo
736 1065 962 1099 accusare
998 1059 1141 1115 atque
1175 1050 1225 1099 id
1262 1051 1465 1110 obicere,
1503 1050 1651 1114 quod·
1670 1050 1871 1114 planum

297 1131 451 1179 facere
487 1147 586 1179 non
621 1133 771 1181 modo
796 1149 898 1181 non
931 1134 1102 1197 possis,
1129 1150 1294 1181 verum
1330 1149 1392 1182 ne
1419 1134 1615 1182 coneris
1640 1133 1870 1197 quidem?

297 1212 457 1261 Nemo
491 1223 709 1262 nostrum
744 1224 829 1275 est,
861 1216 1019 1275 Eruci,
1047 1217 1165 1280 quin
1197 1217 1316 1264 sciat
1344 1217 1427 1264 tibi
1458 1216 1728 1264 inimicitias
1761 1231 1871 1263 cum
1893 1222 1946 1263 55

294 1296 407 1345 Sex.
434 1296 615 1345 Roscio
639 1298 792 1346 nullas
816 1313 950 1358 esse;
987 1299 1150 1347 vident
1174 1314 1345 1369 omnes
1369 1314 1465 1362 qua
1499 1298 1558 1345 de
1591 1314 1736 1346 causa
1759 1298 1871 1353 huic

292 1380 517 1428 vinimicus
542 1380 731 1428 venias:
768 1381 923 1429 sciunt
941 1381 1139 1429 huiusce
1162 1381 1367 1444 pecunia
1390 1390 1437 1429 te
1463 1381 1727 1428 adductum
1752 1396 1870 1431 esse.

297 1460 429 1521 Quid
454 1477 570 1525 ergo
595 1465 698 1511 est?
735 1463 809 1511 Ita
832 1472 997 1512 tamen
1021 1472 1250 1527 quaestus
1274 1472 1321 1512 te
1346 1464 1577 1526 cupidum
1595 1479 1701 1512 esse
1726 1480 1870 1527 opor.-

294 1545 438 1604 tebat,
464 1553 515 1592 ut
548 1544 724 1593 horum
761 1546 1164 1599 existimationem
1193 1554 1241 1594 et
1275 1545 1434 1608 legem
1469 1545 1747 1594 Remmiam
1781 1562 1870 1609 pu*

293 1634 420 1675 tares
443 1627 623 1691 aliquid
645 1627 800 1676 valere
825 1637 1058 1691 oportere.

349 1789 545 1827 Accusers
563 1801 634 1828 are
652 1787 718 1828 the
735 1787 979 1840 walch-dags
997 1788 1121 1840 ofthe
1139 1793 1240 1827 state
1253 1800 1268 1827 .·
1297 1787 1370 1826 but
1386 1787 1479 1838 tlzey
1499 1791 1611 1826 must
1628 1792 1700 1827 not
1716 1786 1816 1828 bark

884 1857 1061 1896 without
1078 1870 1104 1896 a
1124 1870 1279 1896 reason.

66 1967 252 2030 Firstfii-
367 1967 463 2012 20.
500 1963 821 2011 Accusatores
861 1962 1040 2010 multos
1083 1977 1188 2009 esse
1225 1962 1276 2008 in
1313 1961 1497 2009 civitate
1535 1960 1648 2008 utile
1689 1969 1774 2019 est,
1818 1970 1871 2009 ut

65 2035 257 2073 gressmn.
295 2057 428 2093 metu
451 2046 754 2093 contineatur
778 2045 1007 2092 audacia:
1045 2060 1210 2092 verum
1235 2052 1399 2091 tamen
1423 2043 1516 2091 hoc
1548 2043 1615 2092 ita
1638 2051 1710 2092 est
1740 2043 1870 2103 utile,

292 2137 345 2175 ut
382 2144 443 2175 ne
483 2128 626 2190 plane
667 2125 939 2175 inludamur
977 2127 1038 2174 ab
1081 2127 1451 2175 accusatoribus.
1522 2126 1766 2174 Innocens
1802 2134 1874 2174 est

295 2211 550 2274 quispiam,
587 2224 752 2257 verum
787 2218 964 2267 tamen,
1002 2224 1299 2271 quamquam
1336 2210 1471 2256 abest
1507 2224 1535 2255 a
1572 2208 1726 2270 culpa,
1765 2223 1871 2256 sus-

295 2293 477 2355 pitione
501 2301 665 2339 tamen
689 2307 790 2339 non
823 2298 980 2339 caret:
1020 2291 1214 2338 tametsi
1247 2290 1477 2338 miserum
1507 2298 1595 2347 est,
1620 2298 1783 2338 tamen
1813 2291 1871 2349 ei,

297 2375 380 2438 qui
414 2374 542 2422 hunc
580 2382 786 2432 accuset,
831 2373 1013 2436 possim
1049 2373 1213 2435 aliquo
1249 2371 1399 2419 modo
1436 2372 1721 2434 ignoscere:
1760 2387 1873 2423 cum

294 2457 426 2503 enim
462 2454 645 2518 aliquid
679 2455 856 2502 habeat
891 2454 1024 2517 quod
1058 2455 1211 2517 possit
1245 2454 1504 2502 criminose
1528 2469 1584 2501 ac
1618 2453 1872 2516 suspitiose

297 2538 466 2596 dicere,
492 2546 653 2600 aperte
678 2537 908 2585 ludificari
944 2545 990 2584 et
1027 2536 1308 2584 calumniari
1333 2537 1492 2584 sciens
1516 2551 1619 2584 non
1640 2536 1871 2584 videatur.

300 2618 411 2677 Qua
439 2635 494 2670 re
522 2619 657 2666 facile
683 2634 851 2667 omnes
875 2619 1083 2680 patimur
1107 2634 1213 2665 esse
1238 2633 1387 2680 quam
1418 2618 1652 2680 plurimos
1676 2633 1873 2667 accusa·
1896 2625 1947 2665 56

298 2709 440 2757 tores,
455 2700 586 2763 quod
601 2701 850 2756 innocens,
867 2699 906 2747 si
923 2709 1175 2748 accusatus
1192 2700 1263 2758 sit,
1279 2699 1464 2747 absolvi
1484 2707 1659 2762 potest,
1675 2715 1871 2759 nocens,

295 2783 389 2832 nisi
426 2790 675 2829 accusatus
711 2781 866 2839 fuerit,
893 2781 1207 2828 condemnari
1239 2797 1340 2829 non
1375 2789 1570 2844 potest;
1607 2782 1766 2830 utilius
1796 2790 1874 2832 ,est
1927 2835 1930 2837 ,

293 2872 461 2914 ,ειιιῑεῐῐι
497 2862 678 2911 absolvi
713 2863 1021 2911 innocentem
1058 2877 1206 2927 quam
1242 2871 1502 2911 nocentem
1538 2877 1734 2911 causam
1770 2878 1872 2921 non
