2060 3086
574 181 693 221 PRO
730 179 868 220 SEX.
908 179 1142 220 ROSCIO.
1219 166 1281 234 ᾧῷ
1314 178 1504 234 27—30.
1759 180 1828 233 43

251 314 489 361 latronum
506 313 599 361 tela
623 321 669 360 et
692 313 847 359 minas
870 312 1051 373 recepit
1069 310 1270 357 domum
1294 309 1562 371 hospitique
1589 322 1823 369 oppresso

252 396 347 442 iam
372 395 719 457 desperatoque
745 394 808 440 ab
832 393 1058 440 omnibus
1084 391 1318 452 opitulata
1351 398 1436 437 est.
1506 390 1621 435 Eius
1647 389 1830 445 virtute,

254 477 361 533 fide,
404 477 647 538 diligentia
689 474 867 522 factum
913 482 996 530 est,
1037 482 1088 520 ut
1130 472 1210 519 hic
1250 472 1408 534 potius
1449 472 1579 516 vivus
1626 470 1674 516 in
1721 486 1830 517 reos

178 571 228 608 28
253 573 398 620 quam
437 543 628 604 occisus
662 557 712 602 in
744 556 1038 618 proscriptos
1070 553 1331 601 referretur.
1403 546 1532 599 Nam
1568 559 1830 614 postquam

253 639 327 685 isti
361 639 696 685 intellexerunt
729 652 919 684 summa
949 636 1194 698 diligentia
1218 635 1361 680 vitam
1389 634 1497 680 Sex.
1526 633 1692 679 Roscii
1723 648 1830 679 cus-

255 720 390 767 todiri
422 735 579 782 neque
612 720 701 767 sibi
737 719 884 765 ullam
917 717 1077 765 caedis
1109 716 1361 764 faciundae
1395 723 1679 778 potestatem
1713 714 1828 772 dari,

254 802 505 850 consilium
531 809 760 863 ceperunt
783 801 981 862 plenum
1006 799 1198 846 sceleris
1223 806 1269 845 et
1294 797 1541 854 audaciae,
1567 805 1618 843 ut
1648 812 1830 843 nomen

252 883 392 930 huius
433 883 493 929 de
536 882 788 944 parricidio
830 881 1082 938 deferrent,
1126 888 1176 927 ut
1220 880 1281 927 ad
1330 895 1439 926 eam
1481 894 1582 925 rem
1622 879 1829 941 aliquem

254 973 582 1012 accusatorem
617 972 827 1010 veterem
865 970 1219 1024 compararent,
1257 962 1339 1024 qui
1379 961 1437 1008 de
1479 977 1536 1008 ea
1577 977 1627 1007 re
1667 969 1831 1023 posset

256 1046 413 1093 dicere
450 1045 644 1107 aliquid,
674 1045 724 1091 in
758 1060 853 1106 qua
886 1060 935 1090 re
968 1044 1100 1090 nulla
1133 1045 1350 1090 subesset
1383 1043 1595 1105 suspitio,
1625 1042 1830 1104 denique

256 1137 322 1185 ut,
348 1128 577 1190 quoniam
614 1127 807 1174 crimine
844 1141 944 1172 non
980 1134 1215 1187 poterant,
1254 1133 1467 1187 ternpore
1505 1125 1609 1186 ipso
1645 1139 1829 1186 pugna-

257 1217 371 1255 rent.
443 1209 516 1255 Ita
540 1208 672 1270 loqui
697 1208 942 1254 homines:
981 1207 1111 1269 quod
1137 1206 1311 1252 iudicia
1336 1215 1435 1253 tam
1468 1206 1551 1252 diu
1580 1206 1702 1252 facta
1731 1222 1831 1253 non

255 1298 427 1348 essent,
454 1289 766 1337 condemnari
791 1304 902 1336 eum
928 1297 1162 1350 oportere,
1187 1289 1268 1350 qui
1304 1289 1486 1349 primus
1525 1288 1573 1334 in
1606 1288 1831 1334 iudicium

255 1372 488 1419 adductus
514 1379 639 1418 esset
656 1386 668 1428 ;
705 1370 814 1417 huic
841 1378 1001 1416 autem
1034 1380 1265 1431 patronos
1300 1378 1495 1431 propter
1521 1369 1831 1431 Chrysogoni

256 1454 459 1515 gratiam
484 1452 756 1510 defuturos;
794 1452 854 1498 de
890 1453 1130 1498 bonorum
1154 1451 1427 1498 venditione
1460 1460 1505 1497 et
1540 1451 1598 1497 de
1632 1451 1720 1496 ista
1754 1466 1830 1497 so-

257 1536 426 1582 cietate
473 1535 671 1580 verbum
714 1549 820 1580 esse
863 1533 1098 1580 facturum
1145 1533 1418 1579 neminem:
1480 1534 1585 1594 ipso
1634 1533 1829 1578 nomine

256 1616 490 1678 parricidii
521 1623 568 1662 et
602 1615 849 1662 atrocitate
882 1614 1092 1661 criminis
1126 1614 1242 1672 fore,
1273 1623 1323 1660 ut
1357 1615 1433 1660 hie
1467 1615 1598 1661 nullo
1635 1615 1831 1676 negotio

181 1709 230 1745 29
257 1698 511 1755 tolleretur,
532 1712 643 1744 cum
669 1698 731 1742 ab
750 1696 880 1742 nullo
900 1696 1125 1743 defensus
1149 1703 1287 1743 esset.
1338 1696 1450 1742 Hoc
1472 1696 1673 1742 consilio
1692 1704 1830 1757 atque

257 1779 377 1826 adeo
411 1778 502 1826 hac
540 1778 749 1825 amentia
783 1777 988 1839 impulsi,
1015 1793 1161 1839 quem
1197 1778 1286 1839 ipsi
1322 1793 1432 1824 cum
1470 1785 1698 1838 cuperent
1731 1793 1831 1823 non

256 1869 511 1923 potuerunt
536 1860 767 1916 occidere,
794 1875 905 1905 eum
929 1859 1245 1920 iugulandum
1269 1860 1406 1905 vobis
1432 1859 1741 1904 tradiderunt.

310 2012 421 2050 Szcclz
440 2024 510 2050 are
529 2011 596 2049 tlce
603 2011 727 2062 facts.
792 2011 848 2048 W
845 2011 919 2048 lzat
937 2024 962 2048 a
983 2011 1168 2048 mz'xlure
1186 2010 1237 2060 of
1247 2010 1434 2060 inz'quz‘ly
1454 2009 1542 2047 and
1557 2010 1778 2061 <ffr07ztery

892 2079 985 2128 tlzey
1004 2078 1164 2128 disphzy
1177 2077 1194 2116 !

326 2190 425 2234 11.
461 2184 593 2242 Quid
628 2185 837 2245 primum
872 2183 1075 2244 querar?
1123 2182 1220 2227 Aut
1253 2182 1381 2228 unde
1418 2183 1735 2244 potissimum,
1761 2183 1829 2227 iu-

256 2267 401 2324 dices,
433 2266 628 2312 ordiar?
687 2265 783 2311 Aut
818 2264 950 2326 quod
987 2273 1068 2310 aut
1102 2280 1130 2310 a
1165 2264 1338 2324 quibus
1375 2264 1600 2309 auxilium
1636 2266 1828 2324 petam?

257 2347 538 2395 Deorumne
564 2346 919 2403 immortalium,
944 2345 1170 2406 populine
1198 2344 1419 2401 Romani,
1441 2353 1719 2401 vestramne,
1748 2346 1830 2407 qui

257 2444 496 2476 summam
531 2436 819 2490 potestatem
855 2426 1055 2483 habetis,
1093 2426 1185 2472 hoc
1223 2435 1439 2486 tempore
1477 2426 1620 2471 fidem
1658 2427 1829 2488 implo-

182 2522 232 2559 30
257 2511 389 2557 rem?
451 2509 591 2555 Pater
628 2508 814 2555 occisus
850 2507 1042 2563 nefarie,
1070 2507 1242 2554 domus
1279 2508 1478 2553 obsessa
1512 2508 1571 2553 ab
1609 2507 1825 2567 inimicis,

256 2593 387 2639 bona
427 2591 666 2652 adempta,
706 2605 941 2652 possessa,
980 2589 1178 2650 direpta,
1217 2589 1297 2635 filii
1333 2590 1426 2636 vita
1466 2589 1648 2647 infesta,
1686 2606 1828 2652 saepe

256 2674 383 2721 ferro
425 2682 566 2734 atque
606 2671 786 2718 insidiis
825 2671 1059 2732 appetita:
1115 2671 1231 2732 quid
1273 2671 1333 2716 ab
1372 2670 1441 2717 his
1485 2679 1551 2718 tot
1588 2672 1830 2719 maleficiis

257 2754 444 2803 sceleris
469 2755 633 2800 abesse
659 2753 875 2800 videtur?
935 2752 1127 2798 Tamen
1152 2751 1270 2799 haec
1300 2753 1402 2799 aliis
1436 2753 1627 2799 nefariis
1662 2770 1828 2801 cumu-

256 2836 354 2883 lant
379 2843 520 2898 atque
555 2834 810 2896 adaugent,
838 2834 1021 2882 crimen
1052 2834 1330 2881 incredibile
1368 2834 1672 2896 confingunt,
1699 2836 1829 2884 testis
