2060 3086
286 178 355 241 48
610 187 728 227 PRO
766 185 904 227 SEX.
944 186 1178 226 ROSCIO.
1255 174 1314 244 ἐξ
1339 174 1535 240 42-46.

289 338 386 386 qua
427 321 613 369 ratione
653 321 891 368 infirmem
934 335 991 368 ac
1032 319 1212 366 diluam
1253 318 1462 381 reperire
1503 334 1604 367 non
1650 322 1867 383 possum.

291 404 423 463 Quid
447 405 531 462 ais,
558 403 738 451 Eruci?
787 401 888 450 Tot
920 401 1127 464 praedia,
1153 410 1253 448 tam
1282 401 1462 463 pulcra,
1486 409 1587 449 tam
1622 385 1868 450 fructuosa
1891 413 1941 454 43

292 486 402 534 Sex.
452 485 658 533 Roscius
706 484 804 532 filio
853 499 941 532 suo
988 483 1294 546 relegationis
1342 499 1399 530 ac
1449 483 1669 546 supplicii
1717 483 1869 546 gratia

290 568 498 615 colenda
521 583 578 615 ac
605 566 784 614 tuenda
801 566 1090 613 tradiderat?
1136 564 1269 623 Quid
1292 564 1419 613 hoc?
1461 564 1626 613 Patres
1648 565 1868 623 familias,

290 650 372 714 qui
407 650 579 696 liberos
616 648 808 707 habent,
846 648 1128 711 praesertim
1170 647 1395 695 homines
1430 647 1552 696 illius
1589 648 1771 696 ordinis
1807 660 1868 695 ex

290 732 563 794 municipiis
587 730 856 790 rusticanis,
883 745 1047 778 nonne
1073 730 1429 792 optatissimum
1458 730 1547 777 sibi
1571 738 1742 793 putant
1765 745 1871 777 esse

291 815 415 861 filios
462 828 575 861 suos
622 813 689 860 rei
735 812 955 860 familiari
997 812 1208 860 maxime
1256 812 1429 860 servire
1476 820 1524 860 et
1570 813 1620 859 in
1666 811 1871 875 praediis

292 896 506 945 colendis
522 911 695 958 operae
711 895 971 958 plurimum
992 895 1230 957 studiique
1250 896 1567 943 consumere?
1605 893 1684 941 An
1703 909 1871 941 arnan-
1895 900 1944 939 44

293 978 428 1026 darat
465 977 594 1025 hunc
631 978 712 1035 sic,
738 985 790 1024 ut
820 985 948 1025 esset
973 977 1023 1023 in
1048 992 1166 1039 agro
1192 993 1248 1025 ac
1274 984 1463 1024 tanturn
1497 976 1646 1025 modo
1671 976 1872 1023 aleretur
1927 994 1935 1012 -·

293 1060 356 1108 ad
390 1060 585 1107 villam?
645 1058 712 1106 Ut
753 1059 1025 1107 commodis
1058 1059 1286 1107 omnibus
1324 1060 1541 1107 careret?
1598 1057 1766 1118 Quid?
1823 1057 1873 1104 Si

294 1150 483 1190 constat
515 1141 644 1188 hunc
673 1157 775 1189 non
811 1140 963 1189 modo
996 1141 1211 1188 colendis
1247 1141 1458 1204 praediis
1486 1139 1761 1203 praefuisse,
1787 1139 1874 1187 sed

294 1224 433 1272 certis
466 1223 626 1271 fundis
654 1231 787 1286 patre
812 1223 918 1271 vivo
953 1223 1043 1270 frui
1073 1223 1264 1270 solitum
1299 1224 1438 1270 esse?
1476 1221 1728 1270 Tamenne
1752 1220 1873 1270 haec

295 1323 323 1354 a
357 1314 403 1353 te
440 1306 534 1353 vita
569 1306 671 1352 eius
708 1305 950 1352 rusticana
982 1304 1210 1368 relegatio
1240 1314 1382 1368 atque
1407 1304 1686 1352 amandatio
1709 1303 1873 1367 appel-

294 1389 502 1435 labitur?
595 1387 759 1446 Vides,
807 1387 967 1446 Eruci,
1021 1395 1258 1450 quantum
1316 1387 1459 1435 distet
1516 1386 1873 1450 argumentatio

295 1480 376 1518 tua
400 1472 462 1518 ab
486 1486 536 1517 re
569 1470 673 1533 ipsa
696 1478 838 1532 atque
869 1485 898 1517 a
921 1470 1146 1518 veritate:
1185 1469 1318 1532 quod
1343 1470 1689 1518 consuetudine
1714 1479 1874 1533 patres
1937 1488 1939 1490 ·

295 1553 489 1611 faciunt,
523 1552 572 1599 id
608 1552 743 1615 quasi
779 1567 962 1599 novum
998 1551 1312 1614 reprehendis
1330 1568 1342 1610 3
1380 1552 1512 1615 quod
1541 1551 1874 1600 benevolentia

296 1636 361 1692 fit,
388 1635 438 1682 id
470 1635 583 1683 odio
616 1634 795 1682 factum
828 1634 1096 1682 criminaris
1114 1650 1126 1693 ;
1164 1634 1297 1697 quod
1328 1634 1526 1683 honoris
1560 1650 1708 1682 causa
1738 1642 1874 1697 pater

297 1718 391 1766 filio
431 1733 518 1765 suo
558 1717 808 1775 concessit,
853 1717 902 1764 id
944 1733 1057 1764 eum
1100 1717 1317 1779 supplicii
1355 1732 1502 1765 causa
1535 1716 1706 1765 fecisse
1742 1717 1874 1764 dicis.

297 1799 472 1863 Neque
501 1800 622 1848 haec
657 1806 709 1846 tu
745 1815 848 1847 non
879 1799 1128 1861 intellegiS‚
1154 1799 1242 1848 sed
1265 1815 1419 1861 usque
1455 1815 1514 1847 eo
1549 1798 1667 1862 quid
1703 1814 1874 1861 arguas
1899 1806 1949 1847 45

296 1898 396 1930 non
420 1881 587 1940 habes,
612 1889 664 1928 ut
690 1897 791 1928 non
824 1880 974 1929 modo
1007 1881 1091 1929 tibi
1128 1889 1297 1929 contra
1322 1896 1412 1929 nos
1438 1881 1697 1929 dicendum
1721 1889 1876 1944 putes,

296 1980 461 2011 verum
503 1964 648 2011 etiarn
691 1971 860 2011 contra
901 1979 1060 2011 rerum
1102 1971 1324 2011 naturam
1366 1972 1629 2026 contraque
1671 1978 1877 2012 consue-

297 2047 511 2094 tudinem
534 2046 788 2095 hominum
814 2055 1078 2110 contraque
1104 2047 1358 2109 opiniones
1383 2047 1617 2095 omniurn.

362 2199 444 2237 Yon
465 2198 598 2249 ngrlzt
616 2211 662 2237 as
681 2199 778 2237 well
791 2212 864 2250 say
884 2198 976 2237 tlzat
995 2199 1043 2237 in
1062 2198 1128 2237 tlte
1137 2198 1242 2250 play
1261 2197 1311 2249 of
1326 2198 1529 2237 Caecilius
1548 2197 1615 2237 the
1632 2197 1702 2237 old
1716 2210 1816 2236 man

541 2281 650 2306 cares
671 2268 746 2306 less
749 2267 831 2318 sor
848 2267 1068 2317 Eutychus
1086 2266 1278 2318 thanfor
1303 2267 1646 2321 Chaerestratun

369 2378 465 2423 16.
503 2373 569 2420 At
596 2374 727 2420 enim
752 2389 864 2420 cum
890 2373 1010 2420 duos
1039 2372 1164 2420 filios
1187 2371 1397 2431 haberet,
1423 2371 1624 2419 alterum
1649 2387 1677 2419 a
1702 2387 1752 2419 se
1777 2386 1879 2419 non

300 2455 578 2513 dimittebat,
613 2456 812 2503 alterum
845 2455 940 2503 ruri
976 2471 1080 2502 esse
1116 2455 1402 2517 patiebatur.
1473 2454 1687 2513 Quaeso,
1719 2453 1879 2512 Eruci,

300 2547 352 2584 ut
375 2537 466 2586 hoc
499 2538 549 2584 in
580 2539 763 2585 bonam
787 2546 975 2600 partem
999 2538 1208 2600 accipias
1225 2553 1238 2596 3
1275 2553 1377 2584 non
1402 2537 1532 2584 enim
1557 2535 1890 2599 exprobrandi-

303 2635 461 2677 causa,
486 2619 569 2667 sed
594 2620 937 2668 commonendi
969 2620 1123 2683 gratia
1153 2620 1341 2667 dicam:
1381 2620 1421 2667 si
1456 2620 1541 2667 tibi
1565 2616 1761 2668 fortuna.
1779 2633 1881 2666 non
1903 2627 1954 2667 46

304 2701 431 2748 dedit
459 2709 511 2748 ut
542 2711 675 2764 patre
709 2711 840 2749 certo
874 2718 1141 2762 nascerere,
1168 2718 1228 2750 ex
1267 2718 1365 2765 quo
1390 2702 1669 2765 intellegere
1692 2713 1882 2764 posses,

304 2782 384 2843 qui
409 2783 594 2829 animus
620 2784 802 2845 patrius
824 2784 874 2830 in
896 2784 1073 2831 liberos
1099 2793 1238 2840 esset,
1258 2792 1307 2831 at
1330 2792 1499 2832 natura
1523 2791 1652 2831 certe
1678 2783 1807 2831 dedit
1829 2790 1882 2830 ut

305 2864 610 2913 humanitatis
635 2881 734 2913 non
759 2882 931 2928 parum
955 2866 1186 2925 habercs;
1225 2882 1284 2914 eo
1309 2866 1508 2914 accessit
1533 2860 1740 2913 studium
1766 2865 1884 2913 doc-
