2132 3094
277 183 346 249 76
557 194 676 236 PRO
714 195 851 235 SEX.
891 195 1123 236 ROSCIO.
1182 183 1263 253 §§
1308 185 1427 250 116,
1471 196 1590 252 117.

547 404 638 444 and
651 404 703 456 qf
710 404 925 461 deceivz'ng
938 404 1005 443 lzz's
1014 409 1215 457 partners
1233 417 1286 444 on
1305 405 1372 444 tlze
1389 405 1581 457 embassy.

341 542 441 589 40.
478 537 652 587 Videte
694 539 790 587 iam
831 554 977 602 porro
1021 546 1195 595 cetera,
1238 538 1436 596 iudices,
1478 547 1530 586 ut
1572 539 1860 603 intellegatis
1883 546 1962 586 116

275 623 390 686 fingi
414 622 705 669 maleficium
731 621 916 669 nullum
939 636 1083 684 posse
1116 636 1214 682 quo
1239 620 1330 668 iste
1364 636 1469 669 sese
1494 637 1595 669 non
1625 622 1859 670 contami-

275 705 415 753 narit.
487 704 547 751 In
572 705 715 751 rebus
740 704 1006 751 minoribus
1031 703 1216 750 socium
1240 701 1403 750 fallere
1433 703 1763 765 turpissimum
1787 711 1861 752 est

274 801 524 849 aequeque
566 794 703 849 turpe
747 794 890 849 atque
935 785 1065 843 illud,
1108 783 1168 831 de
1215 799 1314 847 quo
1363 792 1472 831 ante
1516 785 1644 845 dixi3
1700 801 1860 850 neque

275 868 460 926 iniuria,
486 876 743 930 propterea
767 868 901 931 quod
939 867 1166 914 auxilium
1192 867 1282 913 sibi
1318 882 1370 914 se
1406 875 1541 930 putat
1565 867 1858 927 adiunxisse,

275 951 357 1014 qui
381 966 495 998 cum
521 950 672 997 altero
698 966 802 997 rem
830 949 1218 997 communicavit.
1271 949 1350 995 Ad
1375 949 1511 996 cuius
1534 949 1679 1010 igitur
1711 950 1860 998 fidem

275 1033 537 1096 confugiet,
564 1049 676 1081 cum
701 1049 787 1096 per
815 1034 917 1080 eius
942 1032 1088 1079 fidem
1121 1032 1323 1079 laeditur
1353 1034 1429 1079 cui
1456 1049 1506 1080 se
1532 1034 1859 1085 commiserit?

274 1116 436 1179 Atque
461 1131 518 1163 ea
543 1124 653 1163 sunt
671 1114 1097 1163 animadvertenda
1120 1123 1322 1177 peccata
1340 1115 1567 1172 maxime,
1587 1131 1713 1180 quae
1738 1116 1860 1164 diffi-

274 1197 449 1244 cillime
490 1207 846 1260 praecaventur.
918 1197 1059 1245 Tecti
1103 1212 1205 1244 esse
1247 1196 1309 1243 ad
1347 1197 1530 1244 alienos
1570 1212 1859 1261 possumus;

275 1280 428 1326 intimi
455 1281 605 1329 multa
628 1283 867 1345 apertiora
893 1281 1087 1328 videant
1112 1294 1311 1327 necesse
1336 1288 1408 1327 est
1430 1298 1440 1328 ε
1480 1280 1665 1327 socium
1692 1296 1862 1332 cavere.

275 1362 357 1425 qui
386 1365 680 1424 possumus?
718 1363 881 1422 Quem
905 1363 1051 1410 etiam
1081 1362 1119 1410 si
1147 1362 1422 1421 metuimus,
1444 1362 1518 1409 ius
1543 1362 1687 1409 officii
1711 1361 1862 1409 laedi-

274 1458 395 1491 mus.
467 1443 618 1492 Recte
647 1446 792 1508 igitur
814 1446 1025 1493 maiores
1049 1460 1176 1503 eum,
1205 1445 1286 1507 qui
1323 1445 1506 1492 socium
1530 1443 1786 1503 fefellisset,
1810 1444 1862 1491 in

274 1526 485 1575 virorum
510 1528 752 1576 bonorum
789 1543 994 1575 numero
1030 1542 1132 1574 non
1167 1535 1395 1590 putarunt
1431 1526 1594 1574 haberi
1619 1534 1858 1589 oportere.

273 1608 339 1655 At
381 1624 494 1657 vero
534 1608 595 1658 T.
638 1608 843 1658 Roscius
885 1626 987 1657 non
1024 1625 1178 1656 unum
1215 1609 1283 1656 rei
1329 1609 1634 1672 pecuniariae
1673 1609 1862 1656 socium
1885 1618 1963 1662 117

274 1689 447 1748 fefellit,
475 1691 622 1754 quod,
651 1693 840 1740 tametsi
875 1708 1019 1754 grave
1045 1700 1131 1751 est,
1160 1700 1322 1739 tamen
1353 1682 1514 1752 aliquo
1539 1690 1689 1738 modo
1715 1706 1860 1753 posse

275 1771 384 1819 ferri
418 1773 616 1832 videtur,
648 1788 813 1821 verum
850 1788 1027 1821 novem
1061 1773 1285 1821 homines
1310 1772 1612 1830 fortissimos,
1639 1771 1860 1820 eiusdem

275 1855 501 1913 muneris,
527 1855 796 1919 legationis,
824 1856 969 1904 officii
997 1856 1437 1917 mandatorumque
1465 1855 1624 1902 socios
1656 1854 1858 1914 induxit,

275 1937 476 2000 decepit,
530 1938 757 1998 destituit,
809 1938 1090 1986 adversariis
1144 1938 1352 1995 tradidit,
1403 1937 1537 1985 omni
1593 1937 1756 1984 fraude
1813 1945 1861 1985 et
1911 1948 1916 1953 ·

276 2016 474 2078 perfidia
498 2017 693 2066 fefellit:
732 2017 814 2082 qui
850 2018 910 2064 de
948 2018 1050 2064 eius
1088 2017 1264 2065 scelere
1302 2016 1532 2079 suspicari
1569 2015 1686 2062 nihil
1721 2019 1859 2078 potuss

276 2106 429 2157 erunt,
451 2099 638 2147 socium
664 2100 807 2147 officii
828 2109 1040 2147 metuere
1066 2115 1166 2148 non
1192 2099 1475 2156 debuerunt,
1501 2099 1602 2146 eius
1628 2098 1861 2145 malitiam

276 2196 378 2228 non
420 2181 654 2240 viderunt,
700 2182 906 2230 orationi
947 2198 1100 2230 vanae
1140 2182 1459 2229 crediderunt.
1532 2181 1703 2243 Itaque
1728 2195 1858 2227 nunc

276 2263 341 2312 illi
388 2263 610 2312 homines
654 2264 979 2312 honestissimi
1026 2272 1225 2327 propter
1274 2264 1407 2311 istius
1448 2264 1643 2311 insidias
1689 2277 1859 2326 parum

278 2353 506 2409 putantur
538 2347 664 2394 cauti
696 2347 979 2410 providique
1018 2346 1199 2405 fuisse3
1239 2346 1340 2403 iste,
1367 2346 1450 2408 qui
1484 2345 1617 2392 initio
1643 2344 1860 2407 proditor

279 2427 376 2485 fuit,
417 2427 592 2476 deinde
629 2428 843 2492 perfuga,
881 2428 964 2491 qui
995 2428 1154 2490 primo
1187 2428 1428 2474 sociorum
1459 2426 1658 2475 consilia
1693 2426 1859 2474 adver—

279 2511 415 2558 sariis
450 2511 723 2568 enuntiavit,
749 2510 924 2557 deinde
963 2510 1242 2557 societatem
1279 2526 1391 2558 curn
1428 2510 1541 2573 ipsis
1575 2509 1857 2557 adversariis

279 2593 403 2650 coiit,
430 2601 573 2641 terret
602 2594 746 2640 etiam
772 2607 861 2640 nos
898 2608 954 2640 ac
983 2593 1207 2652 minatur,
1235 2594 1384 2642 tribus
1407 2593 1628 2656 praediis,
1655 2591 1750 2640 hoc
1784 2600 1858 2639 est

278 2675 504 2740 praemiis
527 2674 733 2734 sceleris,
761 2682 968 2723 ornatus,
