2060 3086
274 162 343 215 34
508 212 510 214 ‚
652 156 770 197 PRO
808 156 946 198 SEX.
986 156 1219 198 ROSCIO.
1295 148 1354 216 ᾧῷ
1391 149 1513 217 3-6.

274 289 446 337 deinde
488 289 620 353 quod
657 298 928 337 ceterorum
969 306 1130 353 neque
1170 289 1351 338 dictum
1392 292 1656 340 obscurum
1696 300 1860 356 potest

272 387 378 419 esse
414 379 611 435 propter
647 372 948 420 nobilitatem
985 379 1031 420 et
1067 372 1435 435 amplitudinem
1471 388 1632 438 neque
1674 383 1854 424 temere

275 455 402 501 dicto
427 454 627 502 concedi
651 462 851 517 propter
880 460 1089 502 aetatem
1112 462 1161 501 et
1182 454 1518 517 prudentiam:
1557 473 1651 520 ego
1675 458 1714 505 si
1740 456 1858 520 quid

273 537 463 584 liberius
500 536 682 596 dixero,
704 537 795 584 -vel
830 537 1076 584 occultum
1112 552 1234 595 esse,
1272 545 1529 600 propterea
1564 539 1698 602 quod
1732 555 1856 588 non-

274 620 391 666 dum
426 619 490 667 ad
526 635 627 667 rem
659 619 903 682 publicam
939 619 1137 678 accessi,
1170 620 1244 668 vel
1280 620 1468 682 ignosci
1501 621 1857 669 adulescentiae

273 702 477 764 poterit;
518 702 706 749 tametsi
731 717 832 749 non
861 702 1012 750 modo
1047 702 1333 764 ignoscendi
1358 703 1495 762 ratio,
1520 719 1689 751 verum
1711 704 1858 752 etiam

275 784 603 846 cognoscendi
639 783 941 831 consuetudo
966 784 1063 830 iam
1087 784 1148 831 de
1172 784 1358 832 civitate
1390 785 1576 833 sublata
1605 795 1690 834 est.
1758 784 1856 834 Ac·
1881 796 1903 834 4

274 866 398 913 cedit
423 866 501 913 illa
526 881 724 929 quoque
748 881 909 924 causa,
934 866 1069 929 quod
1096 882 1124 913 a
1148 866 1318 913 ceteris
1343 866 1545 914 forsitan
1569 867 1633 914 ita
1656 868 1859 930 petitum

275 949 333 995 sit
367 956 418 996 ut
455 948 683 1006 dicerent,
708 956 761 995 ut
790 948 1025 995 utrumvis
1062 948 1196 995 salvo
1232 948 1395 996 officio
1429 948 1588 996 facere
1625 965 1676 997 se
1709 963 1858 1012 posse

274 1031 643 1077 arbitrarentur:
682 1046 710 1077 a
734 1046 812 1078 me
837 1039 1002 1078 autem
1033 1032 1076 1078 ei
1110 1014 1477 1090 contenderunt,
1509 1032 1593 1094 qui
1617 1031 1747 1094 apud
1777 1046 1858 1080 me

272 1121 317 1160 et
359 1113 566 1160 amicitia
603 1119 649 1159 et
688 1112 936 1160 beneficiis
974 1122 1022 1161 et
1059 1113 1294 1175 dignitate
1335 1113 1597 1176 plurimum
1638 1121 1855 1176 possunt,

272 1210 480 1258 quorum
500 1209 594 1257 ego
619 1210 711 1243 nec
736 1194 1122 1243 benevolentiam
1141 1210 1257 1262 erga
1279 1210 1359 1243 me
1382 1196 1605 1259 ignorare
1628 1211 1720 1244 nec
1743 1210 1858 1244 auc-

272 1277 511 1325 toritatem
559 1277 806 1339 aspernari
852 1293 942 1324 nec
990 1277 1284 1324 voluntatem
1332 1277 1590 1340 neglegere
1637 1277 1857 1327 debeam.

274 1357 329 1402 2.
366 1358 462 1407 His
503 1359 563 1406 de
599 1359 756 1407 causis
795 1375 888 1422 ego
922 1359 1033 1406 huic
1066 1374 1243 1407 causae
1279 1368 1513 1422 patronus
1548 1361 1720 1419 exstiti,
1756 1375 1858 1408 non
1879 1369 1904 1410 5

273 1442 449 1488 clectus
473 1457 600 1489 unus
625 1442 707 1505 qui
732 1443 948 1490 maximo
973 1442 1187 1504 ingenio,
1213 1442 1300 1489 sed
1329 1442 1521 1490 relictus
1547 1457 1607 1489 ex
1632 1443 1859 1491 omnibus

273 1524 355 1586 qui
377 1523 582 1571 minimo
605 1524 819 1586 periculo
850 1539 1046 1586 possem
1077 1524 1249 1583 dicere,
1277 1539 1437 1586 neque
1468 1524 1536 1571 uti
1573 1524 1687 1572 satis
1715 1524 1858 1572 firmo

271 1605 510 1667 praesidio
545 1604 770 1653 defensus
815 1605 924 1653 Sex.
965 1604 1189 1666 Roscius,
1229 1621 1394 1654 verum
1436 1607 1506 1653 uti
1547 1622 1611 1653 ne
1651 1606 1858 1655 omnino

272 1687 486 1735 desertus
524 1696 664 1736 esset.
751 1688 971 1736 Forsitan
1008 1688 1249 1751 quaeratis
1285 1689 1367 1751 qui
1404 1689 1492 1736 iste
1527 1696 1679 1736 terror
1714 1689 1775 1736 sit
1808 1697 1858 1736 et

273 1785 396 1833 quae
433 1778 563 1817 tanta
599 1770 823 1828 formido,
850 1785 975 1832 quae
1011 1779 1081 1817 tot
1110 1786 1165 1817 ac
1195 1770 1299 1817 talis
1332 1770 1463 1818 viros
1492 1770 1722 1834 impediat
1757 1785 1857 1833 quo

272 1853 432 1900 minus
478 1868 569 1916 pro
611 1854 765 1917 capite
804 1863 851 1901 et
890 1853 1090 1902 fortunis
1128 1853 1334 1911 alterius,
1373 1868 1520 1916 quem
1557 1851 1619 1901 ad
1653 1851 1859 1901 modum

274 1944 637 1995 consueverunt,
686 1952 884 1983 causam
932 1936 1077 1983 velint
1131 1936 1288 1983 dicere
1306 1951 1319 1994 ;
1374 1935 1509 1998 quod
1565 1935 1725 1983 adhuc
1771 1949 1858 1983 vos

274 2018 495 2080 ignorare
521 2034 623 2066 non
646 2019 820 2065 mirum
841 2025 927 2076 est,
945 2026 1200 2080 propterea
1223 2018 1357 2080 quod
1377 2017 1604 2065 consulto
1628 2018 1691 2065 ab
1715 2032 1857 2066 aecu-

275 2101 511 2148 satoribus
557 2101 658 2148 eius
700 2100 780 2159 rei,
822 2115 946 2164 quae
988 2099 1214 2148 conflavit
1253 2099 1348 2147 hoc
1390 2099 1636 2158 iudicium,
1674 2099 1858 2148 mentio

274 2181 397 2229 sacta
422 2198 521 2230 non
548 2190 633 2230 est.

284 2357 325 2393 T
319 2355 369 2393 he
389 2356 518 2396 desire
535 2356 585 2408 os
599 2357 882 2408 Chrysogonus
907 2363 946 2396 to
970 2356 1109 2396 retain
1137 2356 1204 2396 tlte
1222 2362 1424 2409 property
1441 2355 1492 2409 (ff
1505 2357 1657 2396 Sextus
1685 2356 1860 2396 Roscius

384 2425 420 2462 z's
439 2425 505 2464 tlte
524 2425 617 2464 real
633 2426 865 2478 motivofor
883 2426 968 2465 this
985 2426 1260 2477 prosecutz’on.
1316 2426 1386 2465 He
1403 2425 1495 2464 and
1505 2425 1572 2464 lzis
1590 2425 1859 2477 confederates

385 2499 502 2531 want
510 2506 598 2543 you
617 2499 656 2532 to
674 2507 767 2533 save
786 2494 894 2533 them
914 2494 982 2534 tlte
1000 2494 1156 2534 trouble
1175 2494 1227 2546 of
1236 2494 1410 2533 murder
1426 2494 1476 2545 by
1486 2507 1603 2547 your
1618 2499 1736 2534 votes.

345 2603 485 2663 Quae
508 2621 584 2653 res
610 2622 666 2653 ea
690 2607 794 2653 est?
838 2606 977 2654 Bona
1001 2608 1150 2670 patris
1174 2607 1372 2655 huiusce
1395 2607 1507 2655 Sex.
1529 2607 1711 2666 Roscii,
1731 2622 1856 2672 quae
1879 2620 1902 2659 6
1973 2595 1975 2597 ¹

279 2693 388 2732 sunt
434 2687 700 2749 sexagiens,
751 2703 877 2751 quae
925 2688 986 2736 de
1033 2689 1136 2751 viro
1183 2689 1449 2738 clarissimo
1490 2698 1538 2738 et
1578 2688 1853 2746 fortissimo,

280 2766 335 2815 L.
373 2766 518 2826 Sulla,
557 2784 700 2831 quem
740 2768 938 2818 honoris
982 2786 1130 2818 causa
1172 2771 1388 2830 nomino,
1432 2771 1623 2818 duobus
1663 2770 1855 2818 milibus

278 2863 530 2896 nummum
567 2864 673 2898 sese
709 2850 821 2898 dicit
859 2852 1031 2900 emisse
1069 2852 1358 2901 adulescens
1381 2852 1456 2900 vel
1491 2851 1855 2915 potentissimus
