2060 3086
267 186 336 233 42
592 180 710 221 PRO
747 180 884 221 SEX.
923 179 1156 220 ROSCIO.
1234 169 1292 237 ξξ
1323 179 1513 235 24—27.

269 313 438 362 ardere
463 313 547 361 illa
583 314 748 361 omnia
782 312 944 361 mallet
976 327 1124 375 quam
1156 311 1312 360 videre
1348 312 1399 359 in
1436 312 1543 360 Sex.
1571 311 1736 361 Roscii
1761 312 1849 360 viri

268 396 439 459 optimi
480 403 624 459 atque
663 395 986 444 honestissimi
1028 394 1170 442 bonis
1210 394 1468 442 iactantem
1510 410 1561 444 se
1599 410 1654 443 ac
1691 395 1848 443 domi-

269 487 468 526 nantem
493 478 555 526 T.
574 478 823 527 Roscium.
874 477 1043 540 Itaque
1069 476 1390 524 decurionum
1415 477 1661 525 decretum
1686 478 1847 526 statim
1870 482 1921 521 25

270 561 334 617 fit,
369 569 422 609 ut
457 560 627 608 decem
657 561 798 622 primi
831 560 1198 622 proficiscantur
1229 558 1291 605 ad
1325 556 1380 603 L.
1409 557 1594 606 Sullam
1623 559 1847 608 doceant-

269 658 362 705 que
405 658 516 689 eum
554 643 635 705 qui
674 643 741 689 vir
786 642 894 689 Sex.
927 641 1134 688 Roscius
1177 639 1343 699 fuerit3
1395 650 1751 703 conquerantur
1788 641 1847 688 de

270 725 471 772 istorum
497 725 674 772 scelere
699 732 747 772 et
771 724 981 781 iniuriis3
1020 731 1159 770 orent
1183 730 1233 769 ut
1259 731 1307 769 et
1330 722 1455 769 illius
1474 723 1651 770 mortui
1669 722 1848 770 famam

269 815 316 854 et
341 807 420 854 filii
445 807 717 855 innocentis
742 805 958 854 fortunas
985 813 1291 853 conservatas
1314 805 1440 852 velit.
1503 804 1663 868 Atque
1687 805 1848 868 ipsum

270 889 739 952 decretum,quaeso‚
759 888 1049 951 cognoscite.
1085 886 1367 935 DECRETUM
1382 903 1712 936 DECURIONUM.
1753 886 1847 934 Le-

270 971 366 1034 gati
402 972 450 1017 in
486 979 640 1019 castra
666 971 877 1018 veniunt.
950 969 1262 1032 Intellegitur,
1287 969 1480 1028 iudices,
1511 969 1561 1016 id
1584 969 1717 1032 quod
1751 969 1848 1016 iam

270 1062 380 1101 ante
406 1053 516 1111 dixi,
544 1053 848 1115 imprudente
874 1051 930 1100 L.
957 1051 1087 1100 Sulla
1112 1051 1291 1099 scelera
1314 1051 1433 1099 haec
1458 1058 1505 1099 et
1529 1051 1709 1113 flagitia
1733 1050 1848 1098 fieri.

272 1135 399 1182 Nam
426 1135 583 1182 statim
609 1134 959 1198 Chrysogonus
989 1143 1035 1182 et
1064 1135 1167 1197 ipse
1200 1133 1263 1181 ad
1298 1150 1384 1182 eos
1408 1134 1591 1182 accedit
1615 1141 1662 1180 et
1693 1132 1848 1181 homi-

271 1233 356 1264 nes
398 1218 574 1265 nobilis
612 1218 816 1279 adlegat,
860 1218 918 1264 ab
956 1218 1026 1264 eis
1065 1217 1148 1279 qui
1191 1224 1420 1279 peterent,
1459 1231 1520 1263 ne
1562 1215 1624 1263 ad
1668 1215 1849 1263 Sullam

271 1300 455 1347 adirent
490 1309 536 1348 et
572 1302 738 1349 omnia
774 1301 1153 1362 Chrysogonum
1190 1314 1316 1362 quae
1350 1298 1524 1346 vellent
1560 1314 1665 1347 esse
1701 1298 1848 1346 sactu-

271 1397 375 1428 rum
401 1382 748 1444 pollicerentur.
820 1381 989 1445 Usque
1014 1382 1137 1429 adeo
1164 1389 1323 1428 autem
1355 1382 1430 1429 ille
1455 1381 1773 1444 pertimuerat,
1798 1386 1849 1427 ut
1870 1383 1922 1422 26

271 1464 393 1511 mori
418 1464 579 1511 mallet
602 1481 750 1527 quam
783 1465 842 1511 de
875 1465 949 1511 his
981 1465 1121 1512 rebus
1149 1463 1331 1511 Sullam
1356 1463 1532 1511 doceri.
1606 1462 1849 1510 Homines

272 1547 467 1609 antiqui,
494 1547 576 1610 qui
599 1563 660 1595 ex
685 1563 772 1594 sua
804 1554 972 1594 natura
997 1556 1181 1594 ceteros
1206 1546 1455 1608 fingerent,
1485 1561 1597 1593 cum
1629 1545 1706 1592 ille
1732 1560 1851 1592 con-

273 1628 477 1675 firmaret
511 1644 616 1677 sese
649 1644 829 1677 nomen
857 1629 966 1676 Sex.
994 1629 1159 1676 Roscii
1197 1629 1256 1675 de
1290 1628 1462 1675 tabulis
1495 1635 1846 1689 exempturum‚

272 1710 466 1773 praedia
488 1727 638 1759 vacua
670 1712 766 1759 filio
799 1711 1096 1769 traditurum,
1122 1726 1330 1773 cumque
1362 1710 1412 1758 id
1446 1711 1513 1757 ita
1547 1709 1758 1756 futurum
1787 1708 1849 1754 T.

275 1793 480 1840 Roscius
506 1793 696 1855 Capito,
722 1794 805 1856 qui
837 1794 886 1840 in
919 1793 1090 1841 decem
1124 1794 1290 1855 legatis
1323 1801 1440 1850 erat,
1471 1792 1850 1855 appromitteret‚

273 1874 600 1933 crediderunt3
638 1875 886 1923 Ameriam
910 1892 961 1923 re
995 1876 1181 1922 inorata
1214 1883 1522 1923 reverterunt.
1595 1873 1668 1921 Ac
1692 1873 1850 1936 primo

275 1972 375 2004 rem
401 1956 588 2004 differre
613 1957 786 2005 cotidie
806 1973 863 2005 ac
881 1958 1231 2019 procrastinare
1250 1957 1326 2004 isti
1347 1964 1611 2019 coeperunt
1625 1972 1637 2014 3
1676 1955 1866 2004 deinde

274 2040 520 2101 aliquanto
553 2039 725 2087 lentius
761 2035 920 2106 [nihil]
957 2055 1102 2102 agere
1134 2048 1279 2102 atque
1313 2038 1567 2098 deludere3
1605 2045 1851 2100 postremo

273 2121 389 2168 —id
428 2121 561 2184 quod
602 2121 736 2169 facile
778 2122 1068 2169 intellectum
1108 2121 1447 2169 est—-insidias
1490 2121 1611 2168 vitae
1653 2119 1851 2168 huiusce

277 2200 411 2269 [Sex.
449 2199 636 2268 Roscii]
673 2219 856 2266 parare,
894 2219 1053 2267 neque
1091 2220 1195 2252 sese
1237 2203 1451 2250 arbitrari
1490 2218 1633 2266 posse
1675 2203 1853 2251 diutius

274 2287 477 2333 alienam
501 2286 761 2348 pecuniam
785 2286 984 2333 domino
1008 2286 1240 2333 incolumi
1264 2286 1493 2354 obtinere.
1566 2289 1664 2334 10.
1702 2285 1852 2344 Quod
1873 2293 1924 2335 27

274 2368 349 2415 hic
375 2368 515 2415 simul
540 2376 684 2430 atque
710 2369 869 2426 sensit,
894 2368 955 2415 de
989 2368 1257 2415 amicorum
1291 2376 1710 2431 cognatorumque
1741 2383 1851 2416 sen-

275 2450 420 2496 tentia
461 2448 673 2497 Romam
715 2449 933 2512 confugit
974 2458 1021 2497 et
1070 2465 1173 2497 sese
1210 2449 1273 2496 ad
1317 2449 1581 2497 Caeciliam
1623 2446 1851 2516 [Nepotis

277 2527 459 2595 filiam],
486 2547 633 2593 quam
669 2531 866 2579 honoris
902 2547 1054 2579 causa
1087 2532 1303 2590 nomino,
1337 2532 1551 2589 contulit,
1582 2547 1679 2594 qua
1714 2541 1852 2595 pater

276 2628 390 2659 usus
414 2621 512 2659 erat
540 2613 799 2674 plurimum
815 2629 828 2672 3
864 2614 913 2660 in
938 2629 1034 2676 qua
1066 2614 1278 2671 muliere,
1306 2613 1500 2671 iudices,
1525 2614 1671 2660 etiam
1703 2628 1850 2671 nunc,

276 2694 324 2741 id
342 2695 472 2756 quod
492 2710 661 2742 omnes
686 2711 874 2758 semper
891 2696 1297 2751 existimaverunt,
1318 2694 1454 2758 quasi
1473 2695 1682 2757 exempli
1706 2711 1851 2742 causa

276 2777 471 2838 vestigia
490 2778 670 2839 antiqui
689 2778 830 2825 officii
850 2785 1114 2825 remanent.
1157 2778 1232 2824 Ea
1253 2777 1360 2824 Sex.
1382 2776 1618 2824 Roscium
1635 2778 1849 2839 inopem,

275 2860 479 2906 eiectum
516 2859 661 2906 domo
699 2866 840 2920 atque
878 2859 1132 2922 expulsum
1168 2875 1227 2906 ex
1265 2859 1360 2906 suis
1396 2859 1552 2916 bonis,
1588 2857 1850 2921 fugientem
