2132 3094
309 177 375 245 78
597 191 715 231 PRO
753 192 889 233 SEX.
929 192 1160 236 ROSCIO.
1200 188 1204 192 “
1245 182 1304 252 ξς
1336 197 1599 251 119—122.

305 323 567 371 cruciatum
601 325 704 372 dari
729 334 938 389 cuperet,
965 326 1083 374 dum
1108 327 1168 374 de
1193 327 1342 390 patris
1366 336 1522 375 morte
1547 336 1853 390 quaereretur
1871 345 1886 391 ;

302 421 378 453 res
401 422 547 468 porro
567 408 653 455 abs
678 415 724 455 te
744 408 844 456 eius
868 409 1003 456 modi
1027 409 1377 472 postulabatur,
1404 418 1455 457 ut
1475 410 1593 457 nihil
1617 411 1882 471 interesset,
1909 426 1986 465 120

302 495 462 534 utrum
503 504 613 536 eam
652 505 756 537 rem
796 506 1043 539 recusares
1085 507 1149 538 an
1197 492 1256 539 de
1303 491 1543 540 maleficio
1585 493 1882 541 confiterere.

302 569 442 628 Quae
467 586 580 617 cum
605 571 669 619 ita
706 572 812 631 sint,
840 588 1019 634 quaero
1054 575 1144 620 abs
1180 581 1225 621 te
1251 589 1400 636 quam
1424 576 1490 621 ob
1523 589 1722 622 causam
1746 591 1882 623 recu-

301 653 432 699 saris.
488 653 613 700 Cum
632 654 860 701 occiditur
879 654 989 701 Sex.
1010 654 1231 714 Roscius,
1249 656 1431 704 ibidem
1449 655 1651 703 fuerunt.
1708 657 1883 705 Servos

298 734 445 796 ipsos,
468 735 599 798 quod
619 735 681 781 ad
696 751 775 783 me
801 737 981 792 attinet,
1003 752 1163 799 neque
1180 753 1332 799 arguo
1349 753 1507 801 neque
1532 754 1689 801 purgo
1710 756 1719 787 :
1748 740 1882 802 quod

298 832 325 863 a
366 817 500 864 vobis
541 816 634 864 hoc
673 819 880 881 pugnari
922 819 1063 866 video
1101 835 1164 868 ne
1212 819 1262 867 in
1311 820 1647 882 quaestionem
1694 821 1880 879 dentur,

297 899 605 962 suspitiosum
647 907 748 959 est3
801 900 933 963 quod
970 917 1085 948 vero
1128 901 1258 964 apud
1305 917 1391 949 vos
1430 902 1562 964 ipsos
1603 903 1654 949 in
1695 903 1880 951 honore

294 988 428 1028 tanto
472 990 598 1040 sunt,
642 983 860 1044 profecto
897 999 1094 1031 necesse
1131 992 1204 1031 est
1239 985 1392 1032 sciant
1427 984 1621 1047 aliquid,
1667 985 1799 1048 quod
1841 985 1880 1033 si

294 1063 516 1123 dixerint,
556 1064 881 1127 perniciosum
923 1066 1060 1113 vobis
1109 1066 1327 1114 futurum
1372 1067 1448 1114 sit.
1524 1067 1612 1113 ‘In
1654 1066 1879 1115 dominos

292 1145 456 1207 quaeri
483 1146 542 1192 de
569 1146 714 1193 servis
741 1147 961 1209 iniquum
987 1148 1085 1195 est.'
1149 1148 1241 1197 ‘At
1266 1165 1413 1211 neque
1435 1151 1486 1195 in
1511 1150 1714 1195 dominos
1731 1164 1880 1211 quae-

290 1227 438 1274 ritur:
480 1227 587 1274 Sex.
615 1228 744 1275 enim
775 1228 982 1277 Roscius
1007 1246 1117 1278 reus
1143 1238 1216 1278 est
1232 1248 1244 1290 ;
1284 1247 1442 1294 neque
1476 1239 1550 1279 est
1576 1231 1797 1293 iniquum
1826 1231 1879 1279 in

290 1308 416 1356 hunc
464 1311 658 1371 quaeri:
719 1327 805 1358 vos
855 1313 985 1359 enim
1023 1314 1248 1361 dominos
1296 1330 1402 1362 esse
1451 1314 1634 1361 dicitis?
1719 1313 1886 1365 ‘Cum

290 1390 612 1454 Chrysogono
639 1391 776 1440 sunt.'
839 1394 914 1442 Ita
939 1396 1117 1443 credo:
1145 1396 1312 1443 litteris
1338 1412 1510 1444 eorum
1534 1403 1581 1444 et
1606 1396 1876 1444 urbanitate

290 1473 636 1536 Chrysogonus
677 1475 878 1535 ducitur,
915 1485 966 1524 ut
1009 1478 1132 1525 inter
1176 1494 1292 1526 suos
1330 1479 1550 1526 omnium
1594 1478 1875 1525 deliciarum

288 1565 430 1618 atque
480 1558 699 1606 omniurn
754 1560 928 1606 artium
986 1561 1218 1622 puerulos
1267 1577 1326 1608 ex
1378 1569 1450 1608 tot
1504 1560 1874 1622 elegantissimis

287 1637 476 1685 familiis
501 1640 650 1688 lectos
687 1641 798 1688 velit
832 1640 923 1689 hos
956 1644 1147 1701 versari,
1178 1642 1402 1690 homines
1427 1658 1582 1705 paene
1609 1643 1872 1705 operarios,

286 1737 344 1767 ex
369 1721 602 1769 Amerina
638 1722 890 1786 disciplina
924 1725 1073 1786 patris
1108 1725 1315 1773 familiae
1351 1726 1589 1772 rusticani.
1662 1724 1780 1772 Non
1808 1725 1873 1773 ita
1898 1734 1975 1772 121

284 1811 357 1850 est
390 1804 622 1866 profecto,
650 1805 860 1854 iudices:
901 1822 1001 1854 non
1030 1816 1103 1854 est
1128 1808 1226 1854 veri
1257 1808 1411 1855 simile
1441 1816 1496 1854 ut
1519 1808 1872 1870 Chrysogonus

283 1885 457 1933 horum
504 1886 684 1935 litteras
734 1888 967 1936 adamarit
1019 1898 1100 1937 aut
1147 1890 1510 1948 humanitatem,
1554 1906 1655 1938 non
1703 1899 1756 1937 ut
1803 1890 1871 1938 rei

283 1967 530 2017 familiaris
567 1971 765 2031 negotio
802 1970 1103 2033 diligentiam
1140 1972 1363 2034 cognorit
1399 1988 1568 2020 eorum
1606 1981 1653 2020 et
1690 1973 1870 2021 fidem:

283 2059 354 2098 est
379 2052 626 2114 quiddam,
648 2053 781 2116 quod
807 2054 1085 2113 occultatur,
1103 2054 1237 2118 quod
1257 2070 1356 2118 quo
1383 2054 1645 2103 studiosius
1664 2056 1726 2102 ab
1751 2055 1870 2118 ipsis

284 2138 569 2199 opprimitur
583 2146 630 2185 et
646 2139 968 2196 absconditur,
986 2156 1048 2187 eo
1073 2141 1229 2203 magis
1250 2141 1428 2188 eminet
1442 2149 1488 2187 et
1513 2149 1731 2203 apparet.
1766 2146 1866 2191 42.

285 2219 419 2277 Quid
441 2220 619 2290 igitur?
659 2220 1009 2284 Chrysogonus
1035 2223 1170 2270 suine
1186 2223 1409 2270 maleficii
1424 2223 1698 2270 occultandi
1722 2238 1866 2271 causa
1892 2235 1967 2273 122

283 2303 614 2364 quaestionem
633 2303 692 2351 de
708 2303 781 2352 his
800 2304 967 2351 haberi
987 2320 1087 2352 non
1106 2304 1231 2352 volt?
1281 2303 1503 2363 Minime,
1528 2305 1732 2353 iudices:
1764 2321 1866 2354 non

282 2385 331 2431 in
356 2386 513 2433 omnis
539 2386 744 2434 arbitror
778 2387 944 2434 omnia
969 2388 1241 2435 convenire.
1311 2387 1424 2449 Ego
1448 2387 1498 2434 in
1524 2387 1865 2451 Chrysogono,

282 2468 413 2530 quod
446 2468 507 2515 ad
541 2484 626 2517 me.
645 2470 824 2528 attinet,
852 2470 968 2516 nihil
1001 2470 1103 2518 eius
1134 2470 1267 2518 modi
1299 2471 1542 2533 suspicor3
1580 2486 1738 2533 neque
1771 2470 1867 2519 hoc

281 2550 397 2596 mihi
433 2566 560 2598 nunc
585 2552 795 2614 primum
831 2552 880 2598 in
916 2561 1133 2600 mentem
1157 2553 1286 2600 venit
1323 2553 1498 2601 dicere.
1571 2551 1865 2601 Meministis

280 2647 358 2679 me
395 2632 458 2679 ita
493 2633 785 2681 distribuisse
822 2635 955 2682 initio
992 2650 1216 2683 causam:
1271 2635 1319 2681 in
1356 2636 1555 2694 crimen,
1594 2636 1727 2683 cuius
1762 2643 1865 2684 tota

281 2716 632 2775 argumentatio
669 2717 905 2779 permissa
932 2717 1113 2765 Erucio
1150 2726 1235 2776 est,
1261 2726 1308 2765 et
1343 2718 1394 2764 in
1432 2718 1702 2777 audaciam,
1728 2719 1864 2767 cuius

278 2804 439 2857 partes
465 2795 655 2844 Rosciis
679 2799 931 2860 impositae
956 2808 1094 2846 sunt:
1136 2799 1367 2862 quicquid
1393 2800 1630 2858 maleficii,
1657 2800 1862 2859 sceleriS,

280 2877 439 2926 caedis
464 2878 564 2935 erit,
594 2880 841 2944 proprium
865 2880 914 2928 id
939 2880 1232 2930 Rosciorum
1268 2897 1374 2930 esse
1401 2882 1597 2931 debebit
1611 2898 1624 2942 3
1662 2882 1862 2931 nimiam
