2060 3086
556 181 674 222 PRO
711 181 847 222 SEX.
884 181 1115 222 ROSCIO.
1192 171 1250 239 ξξ
1278 184 1473 239 39-42.
1728 185 1795 237 47

231 313 330 361 ullo
346 313 441 361 fere
460 313 728 363 interfuisse
747 331 759 374 ;
797 314 911 362 nihil
935 322 1096 362 autern
1119 329 1354 378 umquam
1372 315 1587 375 cuiquam
1607 313 1797 373 debuit3

231 395 515 458 cupiditates
557 412 701 458 porro
738 411 862 460 quae
903 403 1107 458 possunt
1142 410 1247 443 esse
1283 395 1334 441 in
1370 410 1443 452 eo,
1474 383 1575 457 qui,
1612 402 1664 442 ut
1698 395 1799 457 ipse

232 485 481 544 accusator
505 478 695 535 obiecit,
722 478 818 524 ruri
842 493 1031 540 semper
1054 476 1275 523 habitarit
1299 483 1347 522 et
1369 476 1418 522 in
1450 491 1567 537 agro
1593 476 1799 524 colendo

231 559 409 616 vixerit,
429 575 574 621 3quae
617 561 710 606 vita
751 559 962 606 maxime
998 558 1236 606 disiuncta
1278 573 1306 606 a
1346 557 1604 621 cupiditate
1646 567 1718 606 est
1754 566 1799 605 et

230 654 341 687 cum
365 639 523 688 officio
549 641 838 688 coniuncta?

274 782 333 821 W
328 782 402 822 hat
421 784 568 823 motz've
587 784 675 823 had
688 785 839 823 Sextus
857 785 1029 823 Roscius
1034 784 1114 836 for
1130 783 1228 824 such
1249 797 1275 822 a
1293 783 1420 823 crime
1433 783 1453 823 ?
1506 785 1587 823 γοα
1606 797 1679 834 say
1697 783 1763 822 lzz‘s

445 851 598 903 father
613 851 691 891 did
704 858 775 892 not
793 851 873 891 like
891 851 980 890 him
994 863 1007 890 .·
1035 851 1109 890 but
1118 865 1205 903 you
1212 851 1310 903 fail
1324 857 1363 891 to
1373 857 1501 904 prove
1520 852 1565 891 it.

158 980 209 1017 40
299 962 440 1021 Quae
486 979 563 1011 res
604 964 744 1026 igitur
784 970 971 1011 tantum
1013 963 1156 1010 istum
1203 963 1412 1010 furorem
1464 963 1573 1011 Sex.
1622 963 1800 1011 Roscio

231 1045 440 1093 obiecit?
476 1049 488 1069 ‘
504 1044 630 1093 Patri
647 1045 658 1063 '
683 1046 836 1108 inquit
856 1048 986 1091 ‘non
1005 1044 1254 1106 placebat!
1306 1044 1468 1103 Quam
1488 1046 1555 1092 ob
1573 1047 1799 1093 causam?

232 1126 443 1174 Necesse
474 1134 546 1174 est
569 1127 699 1174 enim
731 1142 838 1174 eam
869 1142 1064 1190 quoque
1096 1126 1272 1173 iustam
1297 1134 1343 1174 et
1366 1142 1598 1188 magnam
1624 1136 1669 1174 et
1693 1142 1800 1189 per—

233 1209 449 1272 spicuam
494 1207 665 1256 fuisse:
727 1223 842 1255 narn
886 1217 937 1255 ut
985 1208 1101 1255 illud
1148 1208 1424 1255 incredibile
1470 1217 1555 1266 est,
1598 1218 1800 1257 mortem

232 1289 443 1337 oblatam
477 1306 580 1338 esse
604 1291 727 1353 patri
756 1306 785 1338 a
815 1290 914 1337 filio
938 1290 1039 1337 sine
1062 1289 1278 1351 plurimis
1302 1297 1348 1336 et
1372 1290 1595 1337 maximis
1628 1291 1799 1347 causis,

233 1372 300 1418 sic
326 1371 419 1419 hoc
444 1373 542 1419 veri
566 1372 719 1420 simile
748 1387 850 1420 non
881 1380 967 1430 est,
994 1371 1110 1418 odio
1138 1371 1280 1418 fuisse
1317 1373 1502 1433 parenti
1526 1372 1676 1418 filium
1699 1372 1800 1420 sine

157 1467 208 1504 41
233 1453 387 1501 causis
425 1454 584 1500 multis
632 1463 678 1500 et
724 1454 915 1515 magmis
962 1461 1008 1500 et
1055 1453 1348 1500 necessariis.
1439 1452 1624 1500 Rursus
1663 1454 1802 1516 igitur

234 1533 404 1581 eodem
428 1543 718 1581 revertamur
753 1543 799 1581 et
836 1549 1122 1598 quaeramus
1159 1549 1284 1596 quae
1319 1542 1452 1582 tanta
1486 1536 1596 1581 vitia
1630 1534 1801 1582 fuerint

231 1616 280 1662 in
303 1617 449 1663 unico
483 1616 581 1664 filio
613 1632 711 1679 qua
742 1632 792 1663 re
826 1617 866 1663 is
898 1617 1021 1679 patri
1050 1616 1331 1678 displiceret.
1400 1617 1466 1663 At
1494 1617 1801 1680 perspicuum

231 1705 302 1745 est
338 1697 522 1744 nullum
556 1697 717 1745 fuisse.
789 1696 930 1745 Pater
964 1699 1108 1759 igitur
1142 1714 1313 1746 amens
1351 1699 1434 1760 qui
1473 1698 1654 1745 odisset
1690 1713 1801 1745 eum

234 1780 336 1826 sine
365 1794 527 1838 causa,
554 1795 701 1842 quem
729 1787 1015 1842 procrearat.
1083 1779 1148 1827 At
1181 1781 1221 1827 is
1254 1779 1449 1843 quidem
1474 1779 1559 1826 fuit
1583 1779 1800 1826 omnium

233 1860 661 1908 constantissimus.
718 1861 853 1924 Ergo
877 1861 991 1908 illud
1014 1862 1110 1909 iarn
1135 1861 1446 1924 perspicuum
1472 1860 1690 1923 profecto
1715 1871 1798 1917 est,

233 1942 272 1988 si
307 1957 463 2003 neque
499 1958 666 1990 amens
698 1952 835 2005 pater
866 1959 1024 2006 neque
1054 1943 1267 2006 perditus
1298 1943 1421 1990 filius
1454 1942 1607 2000 fuerit,
1644 1957 1800 2006 neque

232 2023 330 2071 odii
354 2039 551 2071 causam
574 2025 697 2087 patri
721 2040 878 2087 neque
902 2025 1094 2073 sceleris
1118 2025 1216 2072 filio
1240 2024 1398 2073 fuisse.

286 2175 373 2215 For
392 2175 427 2214 it
446 2176 647 2227 certainly
667 2177 704 2215 z's
723 2183 793 2216 not
810 2177 951 2216 shown
971 2177 1019 2228 by
1038 2177 1105 2215 llis
1123 2177 1295 2228 keepz'ng
1309 2176 1399 2216 him
1420 2177 1469 2215 in
1488 2176 1554 2215 the
1573 2182 1744 2227 country

494 2245 618 2283 while
638 2245 687 2284 lte
707 2244 794 2283 lead
807 2245 873 2284 tlte
890 2245 1006 2284 other
1023 2258 1096 2284 son
1117 2244 1220 2283 with
1240 2244 1330 2283 him
1350 2244 1398 2283 in
1416 2250 1539 2284 town.

157 2366 208 2404 42
302 2361 400 2406 15.
439 2355 673 2414 ‘Nescio,’
722 2357 876 2419 inquit
918 2360 1070 2419 ‘quae
1118 2372 1263 2403 causa
1306 2357 1404 2404 odii
1440 2356 1607 2404 fuerit:
1655 2357 1800 2404 fuisse

232 2437 399 2485 odium
423 2437 658 2501 intellego,
684 2439 798 2502 quia
823 2447 976 2497 antea,
1003 2453 1116 2486 curn
1140 2438 1264 2486 duos
1289 2439 1410 2487 filios
1434 2438 1643 2497 haberet,
1668 2439 1801 2486 illum

232 2520 446 2579 alterum,
485 2520 566 2584 qui
601 2530 820 2570 mortuus
854 2529 940 2579 est,
981 2535 1148 2568 secum
1180 2522 1316 2568 omni
1356 2528 1573 2583 tempore
1610 2521 1801 2568 volebat

232 2618 351 2660 esse,
386 2602 515 2649 hunc
553 2603 601 2649 in
641 2603 836 2666 praedia
876 2603 1055 2650 rustica
1091 2600 1350 2665 relegarat.’
1435 2601 1584 2660 Quod
1622 2601 1800 2649 Erucio

233 2684 483 2732 accidebat
516 2685 568 2732 in
604 2685 732 2732 mala
770 2685 1119 2747 nugatoriaque
1157 2685 1479 2742 accusatione,
1515 2685 1644 2731 idem
1685 2683 1801 2731 mihi

233 2781 324 2814 usu
352 2767 480 2814 venit
513 2766 563 2813 in
601 2782 747 2815 causa
776 2767 987 2829 optima:
1023 2765 1100 2812 ille
1137 2781 1235 2828 quo
1263 2765 1412 2814 modo
1449 2767 1630 2813 crimen
1666 2781 1799 2813 com-

233 2848 514 2897 menticium
537 2849 841 2897 confirmaret
877 2864 978 2897 non
1007 2847 1310 2908 inveniebat3
1347 2863 1439 2911 ego
1464 2863 1540 2895 res
1564 2855 1664 2896 tam
1685 2846 1800 2895 levis
