2132 3094
595 186 713 227 PRO
751 186 886 229 SEX.
924 185 1155 228 ROSCIO.
1195 161 1198 164 ’
1231 174 1289 243 Q
1329 189 1521 244 91-93.
1772 177 1839 241 67

268 365 302 403 I
315 378 433 404 mean
462 370 500 404 to
528 365 570 405 be
598 365 713 418 brief.
781 366 853 406 We
880 366 983 405 have
1010 378 1099 405 seen
1128 365 1219 404 that
1243 366 1429 416 Asagnus
1456 363 1544 402 had
1556 377 1582 403 a
1603 365 1750 403 motive
1765 365 1845 417 for

377 434 443 472 llze
470 435 595 473 crime
605 447 624 482 ;
653 435 706 474 let
734 447 784 473 us
812 447 904 473 now
931 433 1076 485 εαίιὶςῂν
1094 434 1294 473 ourselves
1321 433 1414 471 llzat
1431 433 1481 471 he
1507 432 1595 471 lead
1618 446 1674 471 an
1703 439 1841 485 oppor-

375 503 530 552 tunily.
597 503 712 541 Were
729 515 816 554 you
845 508 916 541 nol
941 507 987 541 at
1005 503 1132 541 Rome
1158 507 1204 541 at
1230 501 1296 540 tlze
1323 501 1436 549 time,
1456 501 1674 552 fllagnus?
1722 502 1840 541 Were

375 576 445 608 not
463 570 651 609 murders
670 584 863 619 common,
883 584 929 610 as
947 571 1136 609 Erucius
1153 569 1368 609 reminded
1390 582 1440 607 us
1453 568 1473 608 Ρ
1520 569 1637 608 Were
1655 582 1742 620 you
1771 576 1843 609 not

373 651 447 677 one
465 639 515 690 of
523 640 589 678 tlte
607 641 708 678 class
726 640 778 692 os
785 653 878 678 men
896 640 946 690 by
964 640 1098 678 whom
1121 639 1219 678 such
1241 639 1430 677 murders
1450 651 1555 677 were
1581 638 1842 677 committed?

380 708 423 745 T
417 708 490 745 ake
510 708 632 758 point
658 707 706 758 by
724 708 861 761 point,
881 708 971 746 and
984 721 1071 758 you
1091 707 1186 746 will
1194 706 1303 759 find
1315 707 1407 745 that
1432 706 1499 746 tlte
1526 719 1611 745 case
1636 707 1741 745 looks
1756 707 1841 759 sar

372 775 530 814 blac-ker
546 775 713 827 against
720 775 919 827 yourseif
928 776 1031 814 than
1050 776 1217 826 against
1237 788 1305 826 my
1323 775 1459 815 client.

271 913 276 916 ·
331 893 528 951 Verum,
556 902 607 942 ut
642 894 782 956 coepi
818 894 988 952 dicere,
1014 903 1062 940 et
1084 893 1302 951 Erucius,
1328 893 1446 940 haec
1482 893 1521 941 si
1557 893 1752 941 haberet
1787 894 1838 941 in

263 992 421 1035 causa,
449 992 573 1038 quae
600 975 986 1034 commemoravi,
1013 983 1179 1037 posset
1207 990 1265 1022 ea
1297 975 1514 1038 quamvis
1548 975 1628 1022 diu
1664 975 1838 1034 dicere,

261 1066 308 1104 et
348 1074 453 1119 ego,
497 1058 690 1116 iudiceS,
730 1073 958 1120 possum3
1020 1057 1104 1105 sed
1151 1057 1201 1103 in
1248 1058 1412 1104 animo
1459 1065 1545 1115 est,
1585 1072 1730 1119 quem
1775 1056 1838 1104 ad

261 1141 462 1187 modum
498 1148 607 1187 ante
644 1140 755 1199 dixi,
793 1139 953 1187 leviter
988 1139 1189 1186 transire
1226 1155 1281 1186 ac
1323 1147 1510 1186 tantum
1547 1139 1694 1187 modo
1729 1155 1839 1202 per>-

261 1222 491 1283 stringere
527 1237 674 1268 unam
711 1236 954 1284 quamque
990 1236 1106 1279 rem,
1144 1229 1195 1268 ut
1230 1235 1400 1267 omnes
1439 1221 1716 1283 intellegant
1758 1236 1839 1267 me

186 1315 236 1352 92
260 1319 359 1350 non
377 1303 535 1350 studio
553 1318 792 1358 accusare,
813 1303 897 1350 sed
912 1303 1071 1350 officio
1093 1302 1362 1350 defendere.
1402 1308 1498 1352 33.
1524 1302 1681 1350 Video
1696 1303 1838 1365 igitur·

259 1399 427 1432 causas
452 1400 556 1431 esse
580 1385 840 1446 permultas
873 1400 997 1447 quae
1021 1384 1165 1431 istum
1189 1384 1496 1446 impellerent.
1567 1383 1834 1432 Videamus
1858 1396 2023 1434 Locus.

258 1481 387 1513 nune
433 1481 615 1528 ecquae
663 1465 864 1513 facultas
911 1465 1195 1528 suscipiendi
1230 1465 1452 1513 maleficii
1499 1466 1650 1512 fuerit.
1734 1465 1833 1513 Ubi

258 1549 446 1596 occisus
482 1557 553 1595 est
592 1548 699 1595 Sex.
735 1548 976 1595 Roscius?
1036 1547 1237 1595 Rornae.
1309 1547 1476 1606 Quid?
1540 1547 1635 1605 Tu,
1670 1548 1832 1607 Rosci,

257 1630 339 1676 ubi
373 1639 488 1678 tunc
521 1632 662 1678 eras?
725 1631 927 1678 Romae.
997 1629 1180 1677 Verum
1213 1629 1330 1691 quid
1367 1630 1430 1676 ad>
1467 1631 1599 1677 rem?
1658 1630 1722 1677 Et
1756 1630 1833 1677 alii

256 1711 406 1758 multi.
477 1712 628 1770 Quasi
670 1728 799 1760 nunc
834 1711 883 1760 id
919 1719 1087 1775 agatur
1123 1711 1229 1774 quis
1266 1726 1325 1759 ex
1361 1720 1493 1758 tanta
1527 1711 1832 1760 multitudine

258 1794 484 1841 occiderit
509 1810 563 1842 ac
589 1810 688 1842 non
723 1794 815 1842 hoc
852 1802 1120 1857 quaeratur,
1147 1809 1274 1851 eum,
1302 1793 1382 1855 qui
1408 1792 1597 1840 Romae
1623 1793 1682 1841 sit
1704 1794 1831 1842 occi-

258 1890 353 1935 sus,
405 1886 563 1924 utrum
609 1877 706 1924 veri
754 1876 952 1923 similius
999 1875 1057 1923 sit
1103 1876 1272 1922 abeo
1320 1890 1425 1922 esse
1472 1875 1697 1934 occisum,
1747 1876 1830 1938 qui

256 1957 485 2005 adsiduus
520 1974 580 2006 eo
614 1966 831 2021 tempore
858 1957 1046 2006 Romae
1083 1957 1234 2014 fuerit,
1263 1972 1326 2003 an
1356 1957 1418 2003 ab
1451 1973 1524 2014 eo,
1553 1957 1633 2019 qui
1668 1957 1829 2004 multis

180 2054 231 2092 93
256 2041 394 2087 annis
420 2040 632 2088 Romam
657 2041 857 2088 omnino
881 2055 983 2087 non
1007 2039 1277 2087 accesserit.
1347 2038 1471 2101 Age,
1497 2054 1626 2086 nunc
1650 2048 1830 2087 ceteras

255 2136 448 2184 quoque
506 2121 752 2169 facultates
813 2121 1184 2169 consideremus.
1255 2120 1371 2168 Erat
1422 2130 1526 2168 tum
1573 2122 1829 2169 multitudo
1853 2135 2068 2180 Tempus.

254 2203 544 2261 sicariorum,
579 2202 628 2249 id
664 2202 795 2265 quod
837 2203 1234 2250 commemoravit
1269 2201 1484 2260 Erucius,
1520 2210 1568 2249 et
1609 2201 1830 2249 homines

253 2285 451 2347 impune
485 2285 837 2333 occidebantur.
909 2284 1039 2343 Quid
1058 2285 1083 2331 ?>
1127 2284 1203 2332 Ea
1239 2284 1494 2332 multitudo
1530 2299 1654 2345 quae
1691 2285 1829 2331 erat?

255 2365 457 2428 Opinor,
477 2374 557 2413 aut
576 2381 756 2423 eorum,
774 2366 855 2428 qui
879 2365 928 2412 in
953 2366 1093 2413 bonis
1117 2373 1255 2413 erant
1279 2366 1515 2428 occupati,
1536 2374 1617 2412 aut
1641 2379 1824 2422 eorum,

253 2449 335 2511 qui
360 2450 421 2496 ab
453 2450 520 2496 eis
550 2449 943 2496 conducebantur
974 2457 1024 2495 ut
1056 2449 1264 2511 aliquem
1299 2449 1587 2496 occiderent.
1662 2447 1711 2494 Si
1741 2462 1826 2495 eos

252 2539 404 2594 putas,
442 2531 523 2594 qui
558 2531 769 2578 alienum
804 2531 1110 2592 appetebant,
1145 2539 1197 2579 tu
1232 2546 1283 2578 es
1318 2530 1368 2576 in
1404 2546 1464 2578 eo
1500 2545 1717 2586 numero,
1744 2530 1825 2592 qui

253 2621 415 2660 nostra
438 2613 640 2675 pecunia
664 2612 794 2659 dives
819 2628 871 2659 es
885 2628 897 2672 3
938 2612 1010 2658 sin
1038 2627 1138 2671 eos,
1164 2627 1287 2674 quos
1312 2612 1394 2674 qui
1419 2612 1592 2660 leviore
1628 2610 1825 2659 nomine

252 2694 494 2757 appellant
528 2709 837 2757 percussores
861 2703 1047 2753 vocant,
1078 2709 1253 2757 quaere
1277 2695 1327 2741 in
1351 2695 1483 2741 cuius
1520 2694 1613 2742 fide
1647 2695 1738 2741 sint
1777 2705 1823 2741 et

252 2776 500 2824 clientela:
538 2776 654 2822 mihi
691 2776 847 2833 crede,
875 2775 1081 2839 aliquem
1115 2775 1176 2823 de
1210 2777 1438 2824 societate
1470 2786 1551 2824 tua
1586 2777 1795 2839 reperies
1812 2793 1824 2835 ;

250 2867 310 2917 et,
335 2858 562 2922 quicquid
596 2865 648 2906 tu
685 2867 852 2906 contra
887 2857 1075 2917 dixeris,
1114 2858 1162 2905 id
1199 2873 1312 2906 curn
1347 2857 1622 2907 defensione
1659 2869 1825 2906 nostra

993 2955 1022 2988 Ε
1053 2955 1075 2985 2
