2060 3086
559 195 676 236 PRO
713 195 850 235 SEX.
889 193 1119 297 RpSCJO.
1199 183 1260 252 ᾧῷ
1299 183 1492 252 66-69.
1741 196 1807 251 57

250 326 327 374 Sic
353 341 404 374 se
428 341 503 374 res
531 325 690 385 habet,
716 326 911 375 iudices.
941 311 943 315 ,
963 325 1199 390 Magnam
1223 327 1335 386 vim,
1356 342 1584 389 magnam
1607 327 1812 374 necessi-

247 416 407 467 tatem,
427 423 655 470 magnam
680 408 896 471 possidet
918 408 1198 471 religionem
1223 416 1449 470 paternus
1472 417 1812 470 maternusque

247 490 466 552 sanguis:
503 505 563 537 ex
597 505 695 552 quo
733 490 772 539 si
804 505 899 553 qua
929 490 1120 538 macula
1152 497 1388 552 concepta
1416 498 1500 548 est,
1527 505 1628 537 non
1662 489 1813 536 modo

246 568 342 617 elui
366 586 466 618 non
489 579 660 633 potest,
686 587 849 620 verum
881 587 1035 635 usque
1060 586 1119 619 eo
1143 579 1394 634 permanat
1417 570 1480 618 ad
1507 571 1734 628 animum,
1761 577 1813 615 ut

174 656 222 697 67
247 665 463 700 summus
491 652 622 701 furor
662 661 805 717 atque
838 654 1048 701 amentia
1080 661 1411 716 consequatur.
1482 651 1647 700 Nolite
1683 652 1812 699 enim

246 740 428 795 putare,
454 749 600 796 quem
633 735 696 783 ad
719 734 922 783 modum
954 735 1004 782 in
1039 734 1211 783 fabulis
1235 750 1377 797 saepe
1401 749 1605 781 numero
1630 733 1810 790 videtis,

246 829 344 873 eos,
375 815 457 876 qui
483 815 660 879 aliquid
683 816 830 879 impie
854 816 1173 879 scelerateque
1202 816 1543 873 commiserint,
1568 815 1738 878 agitari
1767 825 1813 862 et

247 897 495 958 perterreri
519 897 766 946 Furiarum
791 899 944 946 taedis
967 897 1269 946 ardentibus:
1308 913 1394 945 sua
1418 912 1660 960 quemque
1684 896 1813 945 fraus

247 985 294 1024 et
318 992 432 1025 suus
468 986 616 1027 terror
649 980 858 1027 maxime
881 988 1022 1028 vexat
1036 996 1048 1039 ;
1086 995 1227 1028 suum
1251 996 1490 1043 quemque
1525 980 1677 1028 scelus
1711 980 1816 1042 agi-

248 1067 316 1106 tat
338 1061 643 1123 amentiaque
668 1061 830 1109 adficit
838 1077 850 1119 ;
888 1076 1004 1109 suae
1036 1061 1193 1109 malae
1228 1062 1542 1124 cogitationes
1566 1059 1815 1108 conscien-

247 1141 435 1202 tiaeque
466 1142 614 1189 animi
643 1151 844 1190 terrent:
881 1141 972 1190 hae
1001 1150 1112 1190 sunt
1139 1143 1296 1205 impiis
1330 1143 1557 1191 adsiduae
1586 1141 1817 1190 domesti-

248 1237 430 1285 caeque
464 1223 648 1282 Furiae,
684 1239 805 1287 quae
843 1224 942 1271 dies
975 1225 1225 1286 noctisque
1264 1232 1519 1287 parentum
1564 1238 1751 1287 poenas
1784 1238 1816 1270 a

174 1308 225 1347 68
249 1303 717 1352 consceleratissimis
752 1305 858 1352 filiis
894 1314 1125 1367 repetant.
1195 1305 1334 1353 Haec
1360 1305 1641 1368 magnitudo
1667 1303 1814 1351 male—

250 1384 343 1432 ficii
366 1384 480 1432 'facit
514 1395 580 1443 ut,
611 1386 700 1433 nisi
734 1402 886 1449 paene
922 1386 1228 1435 manifestum
1263 1386 1570 1450 parricidium
1605 1385 1817 1449 profera-

248 1475 336 1524 tur,
362 1467 587 1514 credibile
611 1483 712 1514 non
746 1469 831 1527 sit3
867 1468 958 1516 nisi
993 1469 1142 1531 turpis
1177 1468 1512 1527 adulescentia,
1538 1469 1629 1516 nisi
1661 1469 1818 1516 omni-

249 1549 337 1595 bus
361 1547 551 1610 flagitiis
574 1550 668 1596 vita
691 1549 950 1612 inquinata,
976 1550 1066 1597 nisi
1100 1558 1317 1612 sumptus
1341 1550 1477 1598 effusi
1501 1565 1611 1597 cum
1635 1551 1816 1612 probro

248 1638 392 1692 atque
428 1629 676 1688 dedecore,
711 1631 801 1679 nisi
840 1640 1092 1694 praerupta
1129 1632 1342 1690 audacia,
1374 1632 1464 1679 nisi
1501 1640 1631 1679 tanta
1667 1639 1815 1679 teme-

248 1711 360 1758 ritas
396 1720 447 1758 ut
483 1726 583 1774 non
618 1711 786 1774 procul
822 1711 1074 1760 abhorreat
1114 1715 1176 1760 ab
1211 1714 1429 1773 insania;
1488 1714 1685 1761 accedat
1720 1713 1813 1759 huc

248 1801 438 1854 oportet
473 1792 639 1839 odium
674 1794 897 1856 parentis,
923 1794 1345 1843 animadversionis
1382 1803 1609 1858 paternae
1644 1803 1813 1850 metus,

249 1875 390 1922 amici
431 1875 649 1938 improbi,
677 1876 794 1922 servi
835 1876 1029 1934 conscii,
1056 1882 1247 1939 tempus
1284 1876 1526 1934 idoneum,
1556 1876 1689 1924 locus
1727 1891 1813 1938 op-

248 1964 453 2018 portune
477 1964 643 2019 captus
667 1957 730 2004 ad
753 1973 861 2004 eam
895 1973 996 2005 rem
1017 1975 1027 2005 :
1065 1973 1220 2020 paene
1254 1958 1425 2016 dicam,
1450 1972 1684 2019 respersas
1708 1973 1813 2003 ma-

250 2052 340 2084 nus
372 2039 603 2100 sanguine
638 2047 838 2100 paterno
868 2039 1049 2086 iudices
1083 2039 1275 2087 videant
1311 2046 1514 2101 oportet,
1551 2039 1589 2086 si
1627 2046 1813 2085 tantum

174 2127 224 2163 69
248 2118 448 2177 facinus,
472 2128 572 2167 tam
606 2121 831 2178 immane,
855 2128 955 2168 tam
988 2121 1216 2168 acerbum
1251 2120 1472 2168 credituri
1508 2127 1630 2167 sunt.
1702 2119 1814 2178 Qua

247 2217 298 2249 re
321 2201 417 2249 hoc
453 2218 550 2265 quo
585 2203 745 2250 minus
780 2210 852 2250 est
879 2202 1117 2261 credibile,
1143 2203 1233 2250 nisi
1268 2203 1546 2261 ostenditur,
1573 2218 1631 2250 eo
1659 2202 1813 2263 magis

248 2292 334 2342 est,
345 2338 349 2342 ⁴
360 2283 399 2330 si
426 2284 737 2343 convincitur,
762 2284 1116 2332 vindicandum.

445 2434 531 2474 look
547 2440 593 2473 at
613 2435 680 2474 tlte
698 2434 862 2473 ancient
880 2435 983 2473 laws
1000 2435 1052 2486 qf
1059 2436 1126 2474 tlze
1148 2435 1293 2474 Greeks
1311 2434 1402 2475 and
1416 2436 1613 2477 Romans.

318 2531 415 2576 25.
451 2526 619 2587 Itaque
643 2541 753 2572 cum
772 2525 932 2571 multis
958 2541 1017 2572 ex
1036 2526 1178 2572 rebus
1201 2525 1411 2587 intellegi
1428 2533 1583 2587 potest
1607 2526 1813 2572 maiores

249 2615 442 2653 nostros
488 2621 587 2652 non
634 2605 782 2653 modo
829 2606 972 2652 armis
1018 2605 1128 2668 plus
1169 2620 1314 2667 quam
1360 2614 1538 2652 ceteras
1578 2605 1812 2662 nationes,

247 2703 413 2735 verum
437 2687 581 2734 etiam
605 2687 807 2734 consilio
836 2687 1163 2748 sapientiaque
1187 2687 1413 2748 potuisse,
1438 2694 1541 2733 tum
1564 2702 1624 2733 ex
1648 2685 1737 2733 hac
1762 2702 1811 2733 re

247 2769 322 2816 vel
345 2769 568 2826 maxime,
593 2768 724 2830 quod
748 2769 797 2814 in
830 2767 1006 2830 impios
1039 2768 1277 2828 singulare
1302 2767 1590 2830 supplicium
1614 2767 1811 2814 invene-

248 2858 387 2909 runt3
425 2865 521 2913 qua
548 2849 598 2896 in
632 2866 683 2897 re
721 2858 955 2913 quantum
987 2849 1242 2912 prudentia
1271 2849 1590 2912 praestiterint
1619 2848 1701 2906 eis,
1730 2848 1812 2911 qui
