2132 3094
555 177 673 218 PRO
710 178 848 220 SEX.
886 178 1118 219 ROSCIO.
1199 168 1262 236 ςκᾷ
1308 177 1571 233 112-115.
1790 176 1855 232 75

280 307 400 356 duas
441 324 517 357 res
563 310 887 357 sanctissimas
925 310 1081 369 violat,
1128 310 1385 357 amicitiam
1427 318 1472 356 et
1513 309 1692 356 fidem:
1741 324 1855 355 nam

279 405 437 452 neque
461 390 656 438 mandat
680 392 935 453 quisquam
969 391 1066 438 fere
1099 392 1191 437 nisi
1216 392 1374 439 amico
1406 407 1564 453 neque
1590 391 1739 439 credit
1763 391 1857 437 nisi

281 472 339 529 ei,
379 487 523 534 quem
560 472 750 520 fidelem
785 480 935 535 putat.
1007 472 1319 520 Perditissimi
1356 481 1429 520 est
1462 473 1607 535 igitur
1641 473 1855 520 hominis

280 553 420 600 simul
455 562 502 600 et
537 554 796 602 amicitiam
831 553 1089 602 dissolvere
1131 561 1178 601 et
1219 554 1377 600 fallere
1415 569 1540 611 eum,
1580 554 1660 617 qui
1693 551 1855 601 'laesus

179 641 256 681 113
280 649 380 682 non
406 644 545 693 esset,
570 635 661 682 nisi
695 635 986 683 credidisset.
1058 636 1194 683 Itane
1232 637 1334 682 est?
1386 635 1443 681 In
1468 635 1679 683 minimis
1711 637 1854 683 rebus

282 717 364 779 qui
388 717 671 764 mandatum
700 717 973 778 neglexerit,
1000 717 1274 778 turpissimo
1306 717 1479 765 iudicio
1505 704 1856 766 condemnetur

279 811 476 844 necesse
501 806 586 856 est,
613 799 663 845 in
687 814 738 845 re
771 807 904 845 tanta
936 813 1046 845 cum
1079 798 1133 857 is,
1160 798 1234 845 cui
1259 798 1388 844 fama
1416 798 1607 856 mortui,
1635 797 1854 847 fortunae

278 878 371 924 vivi
396 879 763 928 commendatae
788 887 897 927 sunt
921 889 1066 942 atque
1092 879 1408 938 concreditae,
1433 879 1703 941 ignominia
1727 895 1854 928 mor-

277 967 428 1018 tuum,
468 962 622 1022 inopia
659 964 817 1008 vivum
854 961 1093 1020 adfecerit,
1133 962 1170 1009 is
1212 961 1335 1009 inter
1370 960 1599 1008 honestos
1635 961 1854 1010 homines

278 1048 424 1103 atque
460 1043 583 1090 adeo
620 1044 742 1091 inter
773 1044 905 1091 vivos
941 1044 1298 1091 numerabitur?
1347 1043 1406 1090 In
1438 1043 1648 1090 minimis
1680 1044 1853 1106 privat-

278 1123 414 1184 isque
448 1125 590 1171 rebus
623 1125 767 1171 etiam
804 1125 1110 1187 neglegentia
1139 1125 1357 1172 mandati
1389 1125 1439 1171 in
1472 1126 1656 1172 crimen
1685 1126 1854 1173 iudici-

278 1218 458 1268 umque
497 1202 736 1271 [infamia]
762 1216 971 1263 vocatur,
1006 1217 1259 1269 propterea
1291 1207 1438 1269 quod,
1465 1207 1503 1253 si
1536 1209 1722 1256 ratione
1755 1207 1850 1265 fiat,

279 1285 413 1333 illum
452 1287 710 1350 neglegere
754 1297 976 1350 oporteat
1023 1289 1104 1350 qui
1150 1289 1401 1347 mandarit,
1446 1304 1546 1336 non
1594 1289 1728 1336 illum
1771 1290 1852 1353 qui

277 1369 562 1415 mandatum
586 1370 840 1432 receperit:
873 1369 924 1416 in
948 1386 998 1418 re
1022 1378 1167 1429 tanta,
1189 1386 1312 1433 quae
1337 1370 1525 1433 publice
1549 1380 1684 1433 gesta
1707 1380 1851 1435 atque

278 1450 537 1498 commissa
562 1451 634 1508 sit,
663 1451 746 1513 qui
778 1467 880 1499 non
911 1452 1214 1514 neglegentia
1238 1452 1476 1515 privatum
1500 1454 1695 1516 aliquod
1720 1470 1851 1503 com-

276 1532 477 1580 modum
503 1532 704 1590 laeserit,
727 1533 811 1580 sed
834 1534 1036 1595 perfidia
1058 1534 1312 1596 legationis
1336 1535 1484 1597 ipsius
1508 1537 1850 1584 caerimoniam

277 1613 497 1676 polluerit
526 1615 810 1677 maculaque
845 1616 1109 1678 asperserit,
1139 1605 1236 1679 qua
1272 1616 1312 1663 is
1347 1617 1543 1664 tandem
1579 1633 1737 1680 poena
1767 1619 1850 1665 ad-

175 1707 252 1746 114
276 1696 460 1743 ficietur
489 1705 570 1744 aut
594 1712 693 1759 quo
722 1698 899 1745 iudicio
923 1697 1260 1745 damnabitur?
1317 1698 1367 1745 Si
1397 1697 1524 1746 hanc
1556 1700 1599 1746 ei
1630 1715 1731 1747 rem
1755 1701 1849 1763 pri-

275 1779 421 1825 vatim
469 1777 579 1826 Sex.
630 1778 836 1826 Roscius
883 1780 1223 1838 mandavisset,
1263 1789 1317 1828 ut
1363 1797 1475 1828 cum
1524 1781 1851 1844 Chrysogono

275 1860 556 1922 transigeret
591 1869 734 1922 atque
771 1861 1021 1919 decideret,
1048 1861 1193 1924 inque
1232 1878 1341 1910 eam
1378 1880 1480 1910 rem
1515 1864 1661 1911 fidem
1696 1880 1846 1924 suam,

274 1942 314 1989 si
344 1942 461 2004 quid
490 1957 614 2004 opus
645 1958 751 1990 esse
782 1952 980 2005 putaret,
1006 1944 1345 2006 interponeret,
1372 1946 1544 2008 illeque
1571 1962 1674 1993 sese
1699 1945 1847 1994 factu-

274 2037 382 2069 rum
416 2025 687 2086 recepisset,
714 2040 890 2085 nonne,
919 2026 958 2072 si
991 2041 1050 2072 ex
1086 2041 1146 2073 eo
1179 2028 1375 2089 negotio
1403 2027 1722 2074 tantulum'in
1746 2044 1846 2075 rem

274 2120 412 2151 suam
447 2106 768 2166 convertisset,
806 2107 1063 2155 damnatus
1103 2123 1190 2170 per
1225 2109 1457 2155 arbitrum
1499 2117 1543 2156 et
1578 2124 1682 2156 rem
1717 2111 1848 2157 resti-

173 2198 250 2237 115
274 2195 426 2234 tueret
451 2196 497 2234 et
520 2186 826 2234 honestatem
861 2203 1057 2236 omnem
1090 2190 1360 2238 amitteret?
1415 2189 1561 2238 Nunc
1593 2207 1694 2238 non
1720 2191 1845 2239 hanc

273 2268 317 2316 ei
341 2283 443 2316 rem
472 2268 582 2315 Sex.
610 2268 815 2316 Roscius
840 2270 1096 2330 mandavit,
1124 2271 1222 2328 sed,
1248 2272 1297 2318 id
1322 2272 1456 2334 quod
1480 2272 1633 2319 multo
1658 2274 1845 2335 gravius

271 2358 357 2408 est,
384 2350 489 2411 ipse
516 2349 624 2396 Sex.
653 2350 860 2398 Roscius
885 2366 997 2398 cum
1020 2351 1161 2408 fama,
1188 2353 1281 2399 vita
1305 2354 1542 2416 bonisque
1568 2355 1792 2402 omnibus
1817 2371 1845 2402 a

273 2429 614 2479 decurionibus
649 2433 839 2494 publice
878 2429 1107 2498 [Roscio]
1147 2432 1402 2481 mandatus
1444 2443 1514 2481 est
1534 2452 1547 2494 3
1596 2443 1642 2482 et
1682 2451 1741 2483 ex
1785 2452 1844 2484 eo

273 2512 336 2561 T.
368 2512 573 2561 Roscius
609 2530 709 2562 non
745 2515 940 2577 paulurn
976 2516 1140 2562 nescio
1180 2516 1296 2577 quid
1331 2517 1378 2563 in
1414 2532 1515 2564 rem
1553 2533 1687 2564 suam
1725 2535 1842 2566 con-

271 2595 420 2652 vertit,
459 2596 542 2642 sed
583 2595 710 2643 hunc
747 2596 959 2644 funditus
997 2598 1158 2644 evertit
1194 2598 1349 2656 bonis,
1384 2599 1485 2661 ipse
1524 2600 1611 2646 tria
1648 2601 1842 2662 praedia

271 2677 360 2724 sibi
398 2677 628 2739 depectus
664 2685 748 2735 est,
775 2677 1066 2725 voluntatem
1102 2678 1414 2726 decurionum
1451 2696 1505 2727 ac
1542 2682 1842 2746 municipum

270 2759 490 2807 omnium
516 2758 748 2807 tantidem
774 2760 937 2823 quanti
963 2759 1104 2807 fidem
1131 2774 1266 2806 suam
1291 2759 1412 2808 fecit.
