<?xml version="1.0" encoding="UTF-8"?>
<!DOCTYPE html PUBLIC "-//W3C//DTD XHTML 1.0 Transitional//EN"
    "http://www.w3.org/TR/xhtml1/DTD/xhtml1-transitional.dtd">
<html xmlns="http://www.w3.org/1999/xhtml" xml:lang="en" lang="en">
 <head>
  <title>
</title>
<meta http-equiv="Content-Type" content="text/html;charset=utf-8" />
  <meta name='ocr-system' content='tesseract 3.04.00' />
  <meta name='ocr-capabilities' content='ocr_page ocr_carea ocr_par ocr_line ocrx_word'/>
</head>
<body>
  <div class='ocr_page' id='page_1' title='image "./prorosciowithint00ciceuoft/prorosciowithint00ciceuoft_0062.png"; bbox 0 0 2132 3094; ppageno 0'>
   <div class='ocr_carea' id='block_1_1' title="bbox 322 146 1580 217">
    <p class='ocr_par' dir='ltr' id='par_1_1' title="bbox 322 146 1580 217">
     <span class='ocr_line' id='line_1_1' title="bbox 322 146 1580 217; baseline 0.002 -20"><span class='ocrx_word' id='word_1_1' title='bbox 322 146 390 212; x_wconf 86' lang='lat'><strong>58</strong></span> <span class='ocrx_word' id='word_1_2' title='bbox 637 158 757 199; x_wconf 82' lang='lat' dir='ltr'><strong>PRO</strong></span> <span class='ocrx_word' id='word_1_3' title='bbox 796 157 936 200; x_wconf 78' lang='lat' dir='ltr'><em>SEX.</em></span> <span class='ocrx_word' id='word_1_4' title='bbox 974 158 1239 199; x_wconf 60' lang='lat' dir='ltr'><strong>ROSCJO.=</strong></span> <span class='ocrx_word' id='word_1_5' title='bbox 1285 148 1344 217; x_wconf 52' lang='grc' dir='ltr'><strong>ξς</strong></span> <span class='ocrx_word' id='word_1_6' title='bbox 1384 148 1580 216; x_wconf 83' lang='lat'><em>69-72.</em></span> 
     </span>
    </p>
   </div>
   <div class='ocr_carea' id='block_1_2' title="bbox 314 288 1975 2895">
    <p class='ocr_par' dir='ltr' id='par_1_2' title="bbox 314 288 1975 2895">
     <span class='ocr_line' id='line_1_2' title="bbox 320 288 1897 353; baseline 0.001 -17"><span class='ocrx_word' id='word_1_7' title='bbox 320 288 451 352; x_wconf 87' lang='lat' dir='ltr'><strong>apud</strong></span> <span class='ocrx_word' id='word_1_8' title='bbox 491 298 678 338; x_wconf 88' lang='lat' dir='ltr'><strong>ceteros</strong></span> <span class='ocrx_word' id='word_1_9' title='bbox 714 290 1052 353; x_wconf 83' lang='lat' dir='ltr'><strong>sapientissimi</strong></span> <span class='ocrx_word' id='word_1_10' title='bbox 1093 290 1237 338; x_wconf 89' lang='lat' dir='ltr'><strong>fuisse</strong></span> <span class='ocrx_word' id='word_1_11' title='bbox 1285 289 1523 347; x_wconf 90' lang='lat' dir='ltr'><strong>dicuntur,</strong></span> <span class='ocrx_word' id='word_1_12' title='bbox 1561 288 1897 338; x_wconf 87' lang='lat' dir='ltr'><strong>considerate:</strong></span> 
     </span>
     <span class='ocr_line' id='line_1_3' title="bbox 319 372 1975 436; baseline -0.001 -16"><span class='ocrx_word' id='word_1_13' title='bbox 319 372 693 435; x_wconf 85' lang='lat' dir='ltr'><strong>prudentissima</strong></span> <span class='ocrx_word' id='word_1_14' title='bbox 724 374 890 421; x_wconf 90' lang='lat' dir='ltr'><strong>civitas</strong></span> <span class='ocrx_word' id='word_1_15' title='bbox 914 372 1295 432; x_wconf 84' lang='lat' dir='ltr'><strong>Atheniensium,</strong></span> <span class='ocrx_word' id='word_1_16' title='bbox 1324 372 1440 420; x_wconf 89' lang='lat' dir='ltr'><strong>dum</strong></span> <span class='ocrx_word' id='word_1_17' title='bbox 1472 389 1530 420; x_wconf 87' lang='lat' dir='ltr'><strong>ea</strong></span> <span class='ocrx_word' id='word_1_18' title='bbox 1557 388 1714 421; x_wconf 86' lang='lat' dir='ltr'><strong>rerum</strong></span> <span class='ocrx_word' id='word_1_19' title='bbox 1746 373 1900 436; x_wconf 86' lang='lat' dir='ltr'><strong>potita</strong></span> <span class='ocrx_word' id='word_1_20' title='bbox 1922 380 1975 424; x_wconf 88' lang='grc' dir='ltr'><strong>7ο</strong></span> 
     </span>
     <span class='ocr_line' id='line_1_4' title="bbox 319 454 1899 518; baseline -0.001 -16"><span class='ocrx_word' id='word_1_21' title='bbox 319 463 405 513; x_wconf 89' lang='lat' dir='ltr'><strong>est,</strong></span> <span class='ocrx_word' id='word_1_22' title='bbox 455 454 599 503; x_wconf 89' lang='lat' dir='ltr'><strong>fuisse</strong></span> <span class='ocrx_word' id='word_1_23' title='bbox 646 456 843 503; x_wconf 89' lang='lat' dir='ltr'><strong>traditur</strong></span> <span class='ocrx_word' id='word_1_24' title='bbox 850 471 863 514; x_wconf 78' lang='lat'><em>3</em></span> <span class='ocrx_word' id='word_1_25' title='bbox 913 456 1013 503; x_wconf 87' lang='lat' dir='ltr'><strong>eius</strong></span> <span class='ocrx_word' id='word_1_26' title='bbox 1053 471 1200 518; x_wconf 92' lang='lat' dir='ltr'><strong>porro</strong></span> <span class='ocrx_word' id='word_1_27' title='bbox 1242 455 1443 503; x_wconf 91' lang='lat' dir='ltr'><strong>civitatis</strong></span> <span class='ocrx_word' id='word_1_28' title='bbox 1485 455 1899 517; x_wconf 86' lang='lat' dir='ltr'><strong>sapientissimum</strong></span> 
     </span>
     <span class='ocr_line' id='line_1_5' title="bbox 322 536 1899 600; baseline 0 -16"><span class='ocrx_word' id='word_1_29' title='bbox 322 536 550 586; x_wconf 89' lang='lat' dir='ltr'><strong>Solonem</strong></span> <span class='ocrx_word' id='word_1_30' title='bbox 567 538 729 585; x_wconf 91' lang='lat' dir='ltr'><strong>dicunt</strong></span> <span class='ocrx_word' id='word_1_31' title='bbox 753 537 911 595; x_wconf 89' lang='lat' dir='ltr'><strong>fuisse,</strong></span> <span class='ocrx_word' id='word_1_32' title='bbox 932 553 1059 592; x_wconf 90' lang='lat' dir='ltr'><strong>eum,</strong></span> <span class='ocrx_word' id='word_1_33' title='bbox 1077 537 1160 599; x_wconf 89' lang='lat' dir='ltr'><strong>qui</strong></span> <span class='ocrx_word' id='word_1_34' title='bbox 1183 537 1328 598; x_wconf 87' lang='lat' dir='ltr'><strong>leges,</strong></span> <span class='ocrx_word' id='word_1_35' title='bbox 1347 537 1520 599; x_wconf 91' lang='lat' dir='ltr'><strong>quibus</strong></span> <span class='ocrx_word' id='word_1_36' title='bbox 1539 536 1899 600; x_wconf 88' lang='lat' dir='ltr'><strong>hodiequoque</strong></span> 
     </span>
     <span class='ocr_line' id='line_1_6' title="bbox 317 618 1900 682; baseline -0.001 -16"><span class='ocrx_word' id='word_1_37' title='bbox 317 627 528 678; x_wconf 88' lang='lat' dir='ltr'><strong>utuntur,</strong></span> <span class='ocrx_word' id='word_1_38' title='bbox 549 620 736 682; x_wconf 86' lang='lat' dir='ltr'><strong>scripsit</strong></span> <span class='ocrx_word' id='word_1_39' title='bbox 758 635 772 667; x_wconf 70' lang='grc' dir='ltr'><strong>ι</strong></span> <span class='ocrx_word' id='word_1_40' title='bbox 807 620 847 666; x_wconf 89' lang='lat' dir='ltr'><strong>is</strong></span> <span class='ocrx_word' id='word_1_41' title='bbox 874 635 986 667; x_wconf 89' lang='lat' dir='ltr'><strong>cum</strong></span> <span class='ocrx_word' id='word_1_42' title='bbox 1004 619 1376 680; x_wconf 84' lang='lat' dir='ltr'><strong>interrogaretur</strong></span> <span class='ocrx_word' id='word_1_43' title='bbox 1401 634 1486 667; x_wconf 90' lang='lat' dir='ltr'><strong>cur</strong></span> <span class='ocrx_word' id='word_1_44' title='bbox 1509 618 1697 666; x_wconf 86' lang='lat' dir='ltr'><strong>nullum</strong></span> <span class='ocrx_word' id='word_1_45' title='bbox 1719 618 1900 681; x_wconf 92' lang='lat' dir='ltr'><strong>suppli-</strong></span> 
     </span>
     <span class='ocr_line' id='line_1_7' title="bbox 318 700 1899 764; baseline -0.001 -15"><span class='ocrx_word' id='word_1_46' title='bbox 318 701 446 749; x_wconf 92' lang='lat' dir='ltr'><strong>cium</strong></span> <span class='ocrx_word' id='word_1_47' title='bbox 465 702 789 750; x_wconf 87' lang='lat' dir='ltr'><strong>constituisset</strong></span> <span class='ocrx_word' id='word_1_48' title='bbox 805 702 855 749; x_wconf 93' lang='lat' dir='ltr'><strong>in</strong></span> <span class='ocrx_word' id='word_1_49' title='bbox 871 716 1000 759; x_wconf 89' lang='lat' dir='ltr'><strong>eum,</strong></span> <span class='ocrx_word' id='word_1_50' title='bbox 1018 701 1104 764; x_wconf 92' lang='lat' dir='ltr'><strong>qui</strong></span> <span class='ocrx_word' id='word_1_51' title='bbox 1122 710 1374 763; x_wconf 90' lang='lat' dir='ltr'><strong>parentem</strong></span> <span class='ocrx_word' id='word_1_52' title='bbox 1393 708 1628 759; x_wconf 86' lang='lat' dir='ltr'><strong>necasset,</strong></span> <span class='ocrx_word' id='word_1_53' title='bbox 1648 700 1899 763; x_wconf 90' lang='lat' dir='ltr'><strong>respondit</strong></span> 
     </span>
     <span class='ocr_line' id='line_1_8' title="bbox 318 782 1896 846; baseline -0.001 -15"><span class='ocrx_word' id='word_1_54' title='bbox 318 798 369 831; x_wconf 86' lang='lat' dir='ltr'><strong>se</strong></span> <span class='ocrx_word' id='word_1_55' title='bbox 393 784 445 831; x_wconf 91' lang='lat' dir='ltr'><strong>id</strong></span> <span class='ocrx_word' id='word_1_56' title='bbox 467 784 713 831; x_wconf 89' lang='lat' dir='ltr'><strong>neminem</strong></span> <span class='ocrx_word' id='word_1_57' title='bbox 729 783 967 831; x_wconf 88' lang='lat' dir='ltr'><strong>facturum</strong></span> <span class='ocrx_word' id='word_1_58' title='bbox 986 791 1195 845; x_wconf 87' lang='lat' dir='ltr'><strong>putasse.</strong></span> <span class='ocrx_word' id='word_1_59' title='bbox 1258 782 1507 846; x_wconf 85' lang='lat' dir='ltr'><strong>Sapienter</strong></span> <span class='ocrx_word' id='word_1_60' title='bbox 1525 782 1696 830; x_wconf 88' lang='lat' dir='ltr'><strong>fecisse</strong></span> <span class='ocrx_word' id='word_1_61' title='bbox 1713 782 1896 840; x_wconf 89' lang='lat' dir='ltr'><strong>dicitur,</strong></span> 
     </span>
     <span class='ocr_line' id='line_1_9' title="bbox 317 864 1898 928; baseline -0.001 -15"><span class='ocrx_word' id='word_1_62' title='bbox 317 880 428 913; x_wconf 91' lang='lat' dir='ltr'><strong>cum</strong></span> <span class='ocrx_word' id='word_1_63' title='bbox 472 866 534 913; x_wconf 91' lang='lat' dir='ltr'><strong>de</strong></span> <span class='ocrx_word' id='word_1_64' title='bbox 574 881 635 913; x_wconf 94' lang='lat' dir='ltr'><strong>eo</strong></span> <span class='ocrx_word' id='word_1_65' title='bbox 673 865 791 912; x_wconf 88' lang='lat' dir='ltr'><strong>nihil</strong></span> <span class='ocrx_word' id='word_1_66' title='bbox 830 866 1053 922; x_wconf 87' lang='lat' dir='ltr'><strong>sanxerit,</strong></span> <span class='ocrx_word' id='word_1_67' title='bbox 1092 864 1225 928; x_wconf 92' lang='lat' dir='ltr'><strong>quod</strong></span> <span class='ocrx_word' id='word_1_68' title='bbox 1261 873 1404 912; x_wconf 90' lang='lat' dir='ltr'><strong>antea</strong></span> <span class='ocrx_word' id='word_1_69' title='bbox 1444 864 1759 912; x_wconf 87' lang='lat' dir='ltr'><strong>commissum</strong></span> <span class='ocrx_word' id='word_1_70' title='bbox 1796 880 1898 912; x_wconf 91' lang='lat' dir='ltr'><strong>non</strong></span> 
     </span>
     <span class='ocr_line' id='line_1_10' title="bbox 316 946 1898 1010; baseline -0.002 -15"><span class='ocrx_word' id='word_1_71' title='bbox 316 956 429 1007; x_wconf 86' lang='lat' dir='ltr'><strong>erat,</strong></span> <span class='ocrx_word' id='word_1_72' title='bbox 472 963 533 995; x_wconf 90' lang='lat' dir='ltr'><strong>ne</strong></span> <span class='ocrx_word' id='word_1_73' title='bbox 576 963 679 995; x_wconf 92' lang='lat' dir='ltr'><strong>non</strong></span> <span class='ocrx_word' id='word_1_74' title='bbox 715 955 819 994; x_wconf 85' lang='lat' dir='ltr'><strong>tam</strong></span> <span class='ocrx_word' id='word_1_75' title='bbox 857 947 1112 1010; x_wconf 90' lang='lat' dir='ltr'><strong>prohibere</strong></span> <span class='ocrx_word' id='word_1_76' title='bbox 1155 962 1303 1010; x_wconf 89' lang='lat' dir='ltr'><strong>quam</strong></span> <span class='ocrx_word' id='word_1_77' title='bbox 1343 947 1608 994; x_wconf 87' lang='lat' dir='ltr'><strong>admonere</strong></span> <span class='ocrx_word' id='word_1_78' title='bbox 1651 946 1898 999; x_wconf 78' lang='lat' dir='ltr'><strong>videretur.</strong></span> 
     </span>
     <span class='ocr_line' id='line_1_11' title="bbox 317 1028 1898 1092; baseline 0.001 -16"><span class='ocrx_word' id='word_1_79' title='bbox 317 1029 517 1088; x_wconf 88' lang='lat' dir='ltr'><strong>Quanto</strong></span> <span class='ocrx_word' id='word_1_80' title='bbox 547 1030 697 1078; x_wconf 84' lang='lat' dir='ltr'><strong>nostri</strong></span> <span class='ocrx_word' id='word_1_81' title='bbox 734 1030 940 1078; x_wconf 88' lang='lat' dir='ltr'><strong>maiores</strong></span> <span class='ocrx_word' id='word_1_82' title='bbox 966 1030 1260 1092; x_wconf 87' lang='lat' dir='ltr'><strong>sapientius?</strong></span> <span class='ocrx_word' id='word_1_83' title='bbox 1298 1029 1397 1088; x_wconf 83' lang='lat' dir='ltr'><strong>Qui</strong></span> <span class='ocrx_word' id='word_1_84' title='bbox 1427 1043 1541 1077; x_wconf 90' lang='lat' dir='ltr'><strong>cum</strong></span> <span class='ocrx_word' id='word_1_85' title='bbox 1570 1028 1898 1091; x_wconf 77' lang='lat' dir='ltr'><strong>intellegerent</strong></span> 
     </span>
     <span class='ocr_line' id='line_1_12' title="bbox 316 1111 1896 1176; baseline 0 -18"><span class='ocrx_word' id='word_1_86' title='bbox 316 1112 433 1159; x_wconf 89' lang='lat' dir='ltr'><strong>nihil</strong></span> <span class='ocrx_word' id='word_1_87' title='bbox 480 1127 587 1159; x_wconf 87' lang='lat' dir='ltr'><strong>esse</strong></span> <span class='ocrx_word' id='word_1_88' title='bbox 633 1121 733 1160; x_wconf 88' lang='lat' dir='ltr'><strong>tam</strong></span> <span class='ocrx_word' id='word_1_89' title='bbox 780 1121 1016 1170; x_wconf 86' lang='lat' dir='ltr'><strong>sanctum,</strong></span> <span class='ocrx_word' id='word_1_90' title='bbox 1068 1112 1203 1176; x_wconf 93' lang='lat' dir='ltr'><strong>quod</strong></span> <span class='ocrx_word' id='word_1_91' title='bbox 1249 1127 1350 1160; x_wconf 91' lang='lat' dir='ltr'><strong>non</strong></span> <span class='ocrx_word' id='word_1_92' title='bbox 1397 1111 1661 1174; x_wconf 86' lang='lat' dir='ltr'><strong>aliquando</strong></span> <span class='ocrx_word' id='word_1_93' title='bbox 1704 1111 1896 1160; x_wconf 87' lang='lat' dir='ltr'><strong>violaret</strong></span> 
     </span>
     <span class='ocr_line' id='line_1_13' title="bbox 316 1193 1897 1258; baseline 0.001 -17"><span class='ocrx_word' id='word_1_94' title='bbox 316 1193 530 1252; x_wconf 85' lang='lat' dir='ltr'><strong>audacia,</strong></span> <span class='ocrx_word' id='word_1_95' title='bbox 556 1194 842 1257; x_wconf 90' lang='lat' dir='ltr'><strong>supplicium</strong></span> <span class='ocrx_word' id='word_1_96' title='bbox 865 1195 916 1241; x_wconf 92' lang='lat' dir='ltr'><strong>in</strong></span> <span class='ocrx_word' id='word_1_97' title='bbox 940 1194 1200 1258; x_wconf 89' lang='lat' dir='ltr'><strong>parricidas</strong></span> <span class='ocrx_word' id='word_1_98' title='bbox 1225 1194 1465 1256; x_wconf 90' lang='lat' dir='ltr'><strong>singulare</strong></span> <span class='ocrx_word' id='word_1_99' title='bbox 1489 1194 1897 1256; x_wconf 82' lang='lat' dir='ltr'><strong>excogitaverunt,</strong></span> 
     </span>
     <span class='ocr_line' id='line_1_14' title="bbox 315 1275 1896 1339; baseline 0 -16"><span class='ocrx_word' id='word_1_100' title='bbox 315 1284 383 1335; x_wconf 89' lang='lat' dir='ltr'><strong>ut,</strong></span> <span class='ocrx_word' id='word_1_101' title='bbox 403 1291 526 1339; x_wconf 92' lang='lat' dir='ltr'><strong>quos</strong></span> <span class='ocrx_word' id='word_1_102' title='bbox 551 1286 720 1324; x_wconf 86' lang='lat' dir='ltr'><strong>natura</strong></span> <span class='ocrx_word' id='word_1_103' title='bbox 737 1277 841 1339; x_wconf 89' lang='lat' dir='ltr'><strong>ipsa</strong></span> <span class='ocrx_word' id='word_1_104' title='bbox 864 1277 1063 1324; x_wconf 90' lang='lat' dir='ltr'><strong>retinere</strong></span> <span class='ocrx_word' id='word_1_105' title='bbox 1083 1277 1132 1324; x_wconf 91' lang='lat' dir='ltr'><strong>in</strong></span> <span class='ocrx_word' id='word_1_106' title='bbox 1150 1276 1310 1324; x_wconf 89' lang='lat' dir='ltr'><strong>officio</strong></span> <span class='ocrx_word' id='word_1_107' title='bbox 1329 1291 1429 1324; x_wconf 92' lang='lat' dir='ltr'><strong>non</strong></span> <span class='ocrx_word' id='word_1_108' title='bbox 1444 1275 1688 1339; x_wconf 88' lang='lat' dir='ltr'><strong>potuisset,</strong></span> <span class='ocrx_word' id='word_1_109' title='bbox 1705 1276 1896 1338; x_wconf 89' lang='lat' dir='ltr'><strong>magni-</strong></span> 
     </span>
     <span class='ocr_line' id='line_1_15' title="bbox 314 1358 1895 1422; baseline 0 -16"><span class='ocrx_word' id='word_1_110' title='bbox 314 1358 481 1406; x_wconf 89' lang='lat' dir='ltr'><strong>tudine</strong></span> <span class='ocrx_word' id='word_1_111' title='bbox 522 1374 711 1422; x_wconf 87' lang='lat' dir='ltr'><strong>poenae</strong></span> <span class='ocrx_word' id='word_1_112' title='bbox 748 1375 777 1406; x_wconf 89' lang='lat' dir='ltr'><strong>a</strong></span> <span class='ocrx_word' id='word_1_113' title='bbox 814 1359 1049 1407; x_wconf 90' lang='lat' dir='ltr'><strong>maleficio</strong></span> <span class='ocrx_word' id='word_1_114' title='bbox 1088 1368 1529 1406; x_wconf 88' lang='lat' dir='ltr'><strong>summoverentur:</strong></span> <span class='ocrx_word' id='word_1_115' title='bbox 1577 1358 1703 1406; x_wconf 89' lang='lat' dir='ltr'><strong>insui</strong></span> <span class='ocrx_word' id='word_1_116' title='bbox 1736 1359 1895 1407; x_wconf 91' lang='lat' dir='ltr'><strong>volue-</strong></span> 
     </span>
     <span class='ocr_line' id='line_1_16' title="bbox 316 1440 1970 1503; baseline 0.004 -16"><span class='ocrx_word' id='word_1_117' title='bbox 316 1449 426 1488; x_wconf 91' lang='lat' dir='ltr'><strong>runt</strong></span> <span class='ocrx_word' id='word_1_118' title='bbox 448 1441 497 1487; x_wconf 92' lang='lat' dir='ltr'><strong>in</strong></span> <span class='ocrx_word' id='word_1_119' title='bbox 522 1441 714 1488; x_wconf 90' lang='lat' dir='ltr'><strong>culeum</strong></span> <span class='ocrx_word' id='word_1_120' title='bbox 731 1442 863 1488; x_wconf 92' lang='lat' dir='ltr'><strong>vivos</strong></span> <span class='ocrx_word' id='word_1_121' title='bbox 888 1450 1031 1503; x_wconf 87' lang='lat' dir='ltr'><strong>atque</strong></span> <span class='ocrx_word' id='word_1_122' title='bbox 1056 1442 1106 1488; x_wconf 93' lang='lat' dir='ltr'><strong>in</strong></span> <span class='ocrx_word' id='word_1_123' title='bbox 1130 1442 1311 1489; x_wconf 90' lang='lat' dir='ltr'><strong>flumen</strong></span> <span class='ocrx_word' id='word_1_124' title='bbox 1337 1441 1472 1489; x_wconf 91' lang='lat' dir='ltr'><strong>deici.</strong></span> <span class='ocrx_word' id='word_1_125' title='bbox 1529 1446 1628 1492; x_wconf 82' lang='lat'><strong>26.</strong></span> <span class='ocrx_word' id='word_1_126' title='bbox 1657 1440 1702 1490; x_wconf 93' lang='lat' dir='ltr'>O</span> <span class='ocrx_word' id='word_1_127' title='bbox 1728 1441 1895 1503; x_wconf 83' lang='lat' dir='ltr'><strong>singu·</strong></span> <span class='ocrx_word' id='word_1_128' title='bbox 1920 1455 1970 1498; x_wconf 89' lang='grc'><strong>71</strong></span> 
     </span>
     <span class='ocr_line' id='line_1_17' title="bbox 315 1522 1896 1585; baseline 0.001 -17"><span class='ocrx_word' id='word_1_129' title='bbox 315 1522 468 1569; x_wconf 86' lang='lat' dir='ltr'><strong>larem</strong></span> <span class='ocrx_word' id='word_1_130' title='bbox 494 1523 794 1585; x_wconf 86' lang='lat' dir='ltr'><strong>sapientiam,</strong></span> <span class='ocrx_word' id='word_1_131' title='bbox 821 1523 1026 1571; x_wconf 88' lang='lat' dir='ltr'><strong>iudices!</strong></span> <span class='ocrx_word' id='word_1_132' title='bbox 1064 1522 1244 1571; x_wconf 90' lang='lat' dir='ltr'><strong>Nonne</strong></span> <span class='ocrx_word' id='word_1_133' title='bbox 1263 1523 1485 1570; x_wconf 90' lang='lat' dir='ltr'><strong>videntur</strong></span> <span class='ocrx_word' id='word_1_134' title='bbox 1501 1523 1630 1571; x_wconf 91' lang='lat' dir='ltr'><strong>hunc</strong></span> <span class='ocrx_word' id='word_1_135' title='bbox 1646 1522 1896 1571; x_wconf 89' lang='lat' dir='ltr'><strong>hominem</strong></span> 
     </span>
     <span class='ocr_line' id='line_1_18' title="bbox 316 1600 1895 1664; baseline -0.001 -17"><span class='ocrx_word' id='word_1_136' title='bbox 316 1616 376 1647; x_wconf 82' lang='lat' dir='ltr'><strong>ex</strong></span> <span class='ocrx_word' id='word_1_137' title='bbox 400 1616 561 1648; x_wconf 90' lang='lat' dir='ltr'><strong>rerum</strong></span> <span class='ocrx_word' id='word_1_138' title='bbox 585 1611 757 1649; x_wconf 88' lang='lat' dir='ltr'><strong>natura</strong></span> <span class='ocrx_word' id='word_1_139' title='bbox 780 1601 1024 1649; x_wconf 86' lang='lat' dir='ltr'><strong>sustulisse</strong></span> <span class='ocrx_word' id='word_1_140' title='bbox 1050 1610 1100 1649; x_wconf 90' lang='lat' dir='ltr'><strong>et</strong></span> <span class='ocrx_word' id='word_1_141' title='bbox 1117 1603 1355 1664; x_wconf 88' lang='lat' dir='ltr'><strong>eripuisse,</strong></span> <span class='ocrx_word' id='word_1_142' title='bbox 1372 1602 1447 1650; x_wconf 92' lang='lat' dir='ltr'><strong>cui</strong></span> <span class='ocrx_word' id='word_1_143' title='bbox 1471 1610 1665 1664; x_wconf 90' lang='lat' dir='ltr'><strong>repente</strong></span> <span class='ocrx_word' id='word_1_144' title='bbox 1691 1600 1895 1658; x_wconf 89' lang='lat' dir='ltr'><strong>caelum,</strong></span> 
     </span>
     <span class='ocr_line' id='line_1_19' title="bbox 315 1682 1894 1746; baseline 0.001 -17"><span class='ocrx_word' id='word_1_145' title='bbox 315 1683 483 1741; x_wconf 88' lang='lat' dir='ltr'><strong>solem,</strong></span> <span class='ocrx_word' id='word_1_146' title='bbox 510 1699 687 1745; x_wconf 86' lang='lat' dir='ltr'><strong>aquarn</strong></span> <span class='ocrx_word' id='word_1_147' title='bbox 712 1691 987 1746; x_wconf 86' lang='lat' dir='ltr'><strong>terramque</strong></span> <span class='ocrx_word' id='word_1_148' title='bbox 1009 1682 1289 1740; x_wconf 84' lang='lat' dir='ltr'><strong>ademerint,</strong></span> <span class='ocrx_word' id='word_1_149' title='bbox 1313 1691 1379 1741; x_wconf 90' lang='lat' dir='ltr'><strong>ut,</strong></span> <span class='ocrx_word' id='word_1_150' title='bbox 1406 1683 1488 1745; x_wconf 91' lang='lat' dir='ltr'><strong>qui</strong></span> <span class='ocrx_word' id='word_1_151' title='bbox 1521 1698 1633 1730; x_wconf 91' lang='lat' dir='ltr'><strong>eum</strong></span> <span class='ocrx_word' id='word_1_152' title='bbox 1658 1690 1894 1736; x_wconf 88' lang='lat' dir='ltr'><strong>necasset,</strong></span> 
     </span>
     <span class='ocr_line' id='line_1_20' title="bbox 317 1764 1896 1828; baseline 0.001 -17"><span class='ocrx_word' id='word_1_153' title='bbox 317 1764 443 1812; x_wconf 91' lang='lat' dir='ltr'><strong>unde</strong></span> <span class='ocrx_word' id='word_1_154' title='bbox 468 1765 571 1827; x_wconf 90' lang='lat' dir='ltr'><strong>ipse</strong></span> <span class='ocrx_word' id='word_1_155' title='bbox 595 1773 735 1812; x_wconf 90' lang='lat' dir='ltr'><strong>natus</strong></span> <span class='ocrx_word' id='word_1_156' title='bbox 759 1773 900 1823; x_wconf 87' lang='lat' dir='ltr'><strong>esset,</strong></span> <span class='ocrx_word' id='word_1_157' title='bbox 917 1773 1096 1812; x_wconf 84' lang='lat' dir='ltr'><strong>careret</strong></span> <span class='ocrx_word' id='word_1_158' title='bbox 1119 1765 1187 1812; x_wconf 92' lang='lat' dir='ltr'><strong>eis</strong></span> <span class='ocrx_word' id='word_1_159' title='bbox 1212 1766 1354 1813; x_wconf 86' lang='lat' dir='ltr'><strong>rebus</strong></span> <span class='ocrx_word' id='word_1_160' title='bbox 1380 1766 1618 1824; x_wconf 89' lang='lat' dir='ltr'><strong>omnibus,</strong></span> <span class='ocrx_word' id='word_1_161' title='bbox 1636 1781 1696 1813; x_wconf 86' lang='lat' dir='ltr'><strong>ex</strong></span> <span class='ocrx_word' id='word_1_162' title='bbox 1720 1766 1896 1828; x_wconf 86' lang='lat' dir='ltr'><strong>quibus</strong></span> 
     </span>
     <span class='ocr_line' id='line_1_21' title="bbox 317 1846 1894 1910; baseline 0.001 -17"><span class='ocrx_word' id='word_1_163' title='bbox 317 1847 482 1894; x_wconf 91' lang='lat' dir='ltr'><strong>omnia</strong></span> <span class='ocrx_word' id='word_1_164' title='bbox 505 1856 618 1894; x_wconf 86' lang='lat' dir='ltr'><strong>nata</strong></span> <span class='ocrx_word' id='word_1_165' title='bbox 643 1863 748 1895; x_wconf 90' lang='lat' dir='ltr'><strong>esse</strong></span> <span class='ocrx_word' id='word_1_166' title='bbox 774 1847 1018 1895; x_wconf 89' lang='lat' dir='ltr'><strong>dicuntur?</strong></span> <span class='ocrx_word' id='word_1_167' title='bbox 1057 1846 1327 1895; x_wconf 88' lang='lat' dir='ltr'><strong>Noluerunt</strong></span> <span class='ocrx_word' id='word_1_168' title='bbox 1351 1847 1462 1894; x_wconf 86' lang='lat' dir='ltr'><strong>feris</strong></span> <span class='ocrx_word' id='word_1_169' title='bbox 1487 1861 1661 1910; x_wconf 88' lang='lat' dir='ltr'><strong>corpus</strong></span> <span class='ocrx_word' id='word_1_170' title='bbox 1686 1847 1894 1906; x_wconf 85' lang='lat' dir='ltr'><strong>obicere,</strong></span> 
     </span>
     <span class='ocr_line' id='line_1_22' title="bbox 318 1929 1896 1992; baseline 0.001 -17"><span class='ocrx_word' id='word_1_171' title='bbox 318 1944 382 1976; x_wconf 92' lang='lat' dir='ltr'><strong>ne</strong></span> <span class='ocrx_word' id='word_1_172' title='bbox 405 1929 566 1976; x_wconf 90' lang='lat' dir='ltr'><strong>bestiis</strong></span> <span class='ocrx_word' id='word_1_173' title='bbox 601 1944 810 1992; x_wconf 90' lang='lat' dir='ltr'><strong>quoque,</strong></span> <span class='ocrx_word' id='word_1_174' title='bbox 845 1945 968 1992; x_wconf 88' lang='lat' dir='ltr'><strong>quae</strong></span> <span class='ocrx_word' id='word_1_175' title='bbox 998 1938 1187 1980; x_wconf 87' lang='lat' dir='ltr'><strong>tantum</strong></span> <span class='ocrx_word' id='word_1_176' title='bbox 1228 1929 1384 1977; x_wconf 88' lang='lat' dir='ltr'><strong>scelus</strong></span> <span class='ocrx_word' id='word_1_177' title='bbox 1416 1929 1698 1992; x_wconf 84' lang='lat' dir='ltr'><strong>attigissent,</strong></span> <span class='ocrx_word' id='word_1_178' title='bbox 1723 1929 1896 1977; x_wconf 87' lang='lat' dir='ltr'><strong>imma-</strong></span> 
     </span>
     <span class='ocr_line' id='line_1_23' title="bbox 317 2010 1895 2070; baseline 0.001 -13"><span class='ocrx_word' id='word_1_179' title='bbox 317 2011 529 2059; x_wconf 90' lang='lat' dir='ltr'><strong>nioribus</strong></span> <span class='ocrx_word' id='word_1_180' title='bbox 562 2019 804 2059; x_wconf 91' lang='lat' dir='ltr'><strong>uteremur</strong></span> <span class='ocrx_word' id='word_1_181' title='bbox 822 2027 834 2069; x_wconf 88' lang='lat'>;</span> <span class='ocrx_word' id='word_1_182' title='bbox 873 2026 975 2058; x_wconf 90' lang='lat' dir='ltr'><strong>non</strong></span> <span class='ocrx_word' id='word_1_183' title='bbox 1010 2011 1078 2058; x_wconf 91' lang='lat' dir='ltr'><strong>sic</strong></span> <span class='ocrx_word' id='word_1_184' title='bbox 1111 2011 1268 2059; x_wconf 91' lang='lat' dir='ltr'><strong>nudos</strong></span> <span class='ocrx_word' id='word_1_185' title='bbox 1300 2011 1350 2058; x_wconf 92' lang='lat' dir='ltr'><strong>in</strong></span> <span class='ocrx_word' id='word_1_186' title='bbox 1383 2010 1565 2058; x_wconf 89' lang='lat' dir='ltr'><strong>flumen</strong></span> <span class='ocrx_word' id='word_1_187' title='bbox 1590 2010 1790 2070; x_wconf 90' lang='lat' dir='ltr'><strong>deicere,</strong></span> <span class='ocrx_word' id='word_1_188' title='bbox 1817 2026 1895 2068; x_wconf 89' lang='lat' dir='ltr'><strong>ne,</strong></span> 
     </span>
     <span class='ocr_line' id='line_1_24' title="bbox 318 2092 1894 2157; baseline 0 -17"><span class='ocrx_word' id='word_1_189' title='bbox 318 2108 432 2143; x_wconf 87' lang='lat' dir='ltr'><strong>cum</strong></span> <span class='ocrx_word' id='word_1_190' title='bbox 468 2092 609 2140; x_wconf 89' lang='lat' dir='ltr'><strong>delati</strong></span> <span class='ocrx_word' id='word_1_191' title='bbox 643 2101 803 2141; x_wconf 90' lang='lat' dir='ltr'><strong>essent</strong></span> <span class='ocrx_word' id='word_1_192' title='bbox 838 2094 887 2140; x_wconf 90' lang='lat' dir='ltr'><strong>in</strong></span> <span class='ocrx_word' id='word_1_193' title='bbox 913 2109 1059 2152; x_wconf 89' lang='lat' dir='ltr'><strong>mare,</strong></span> <span class='ocrx_word' id='word_1_194' title='bbox 1087 2094 1246 2156; x_wconf 92' lang='lat' dir='ltr'><strong>ipsum</strong></span> <span class='ocrx_word' id='word_1_195' title='bbox 1280 2093 1560 2157; x_wconf 89' lang='lat' dir='ltr'><strong>polluerent,</strong></span> <span class='ocrx_word' id='word_1_196' title='bbox 1587 2108 1686 2157; x_wconf 94' lang='lat' dir='ltr'><strong>quo</strong></span> <span class='ocrx_word' id='word_1_197' title='bbox 1723 2101 1894 2150; x_wconf 87' lang='lat' dir='ltr'><strong>cetera,</strong></span> 
     </span>
     <span class='ocr_line' id='line_1_25' title="bbox 318 2174 1896 2239; baseline 0 -17"><span class='ocrx_word' id='word_1_198' title='bbox 318 2190 439 2239; x_wconf 83' lang='lat' dir='ltr'><strong>quae</strong></span> <span class='ocrx_word' id='word_1_199' title='bbox 481 2175 655 2223; x_wconf 77' lang='lat' dir='ltr'><strong>violata</strong></span> <span class='ocrx_word' id='word_1_200' title='bbox 698 2184 823 2234; x_wconf 91' lang='lat' dir='ltr'><strong>sunt,</strong></span> <span class='ocrx_word' id='word_1_201' title='bbox 868 2176 1051 2238; x_wconf 87' lang='lat' dir='ltr'><strong>expiari</strong></span> <span class='ocrx_word' id='word_1_202' title='bbox 1090 2185 1317 2239; x_wconf 87' lang='lat' dir='ltr'><strong>putantur</strong></span> <span class='ocrx_word' id='word_1_203' title='bbox 1331 2192 1345 2236; x_wconf 74' lang='lat'><em>3</em></span> <span class='ocrx_word' id='word_1_204' title='bbox 1394 2176 1602 2238; x_wconf 88' lang='lat' dir='ltr'><strong>denique</strong></span> <span class='ocrx_word' id='word_1_205' title='bbox 1644 2174 1761 2222; x_wconf 92' lang='lat' dir='ltr'><strong>nihil</strong></span> <span class='ocrx_word' id='word_1_206' title='bbox 1796 2183 1896 2223; x_wconf 88' lang='lat' dir='ltr'><strong>tam</strong></span> 
     </span>
     <span class='ocr_line' id='line_1_26' title="bbox 316 2256 1895 2321; baseline 0.001 -18"><span class='ocrx_word' id='word_1_207' title='bbox 316 2257 407 2303; x_wconf 91' lang='lat' dir='ltr'><strong>vile</strong></span> <span class='ocrx_word' id='word_1_208' title='bbox 444 2273 601 2319; x_wconf 89' lang='lat' dir='ltr'><strong>neque</strong></span> <span class='ocrx_word' id='word_1_209' title='bbox 637 2266 735 2304; x_wconf 91' lang='lat' dir='ltr'><strong>tam</strong></span> <span class='ocrx_word' id='word_1_210' title='bbox 772 2258 966 2320; x_wconf 86' lang='lat' dir='ltr'><strong>volgare</strong></span> <span class='ocrx_word' id='word_1_211' title='bbox 1003 2266 1087 2316; x_wconf 85' lang='lat' dir='ltr'><strong>est,</strong></span> <span class='ocrx_word' id='word_1_212' title='bbox 1118 2259 1252 2306; x_wconf 90' lang='lat' dir='ltr'><strong>cuius</strong></span> <span class='ocrx_word' id='word_1_213' title='bbox 1288 2266 1473 2321; x_wconf 89' lang='lat' dir='ltr'><strong>partem</strong></span> <span class='ocrx_word' id='word_1_214' title='bbox 1509 2257 1657 2305; x_wconf 91' lang='lat' dir='ltr'><strong>ullam</strong></span> <span class='ocrx_word' id='word_1_215' title='bbox 1691 2256 1895 2320; x_wconf 87' lang='lat' dir='ltr'><strong>relique-</strong></span> 
     </span>
     <span class='ocr_line' id='line_1_27' title="bbox 317 2339 1970 2403; baseline -0.001 -18"><span class='ocrx_word' id='word_1_216' title='bbox 317 2339 422 2386; x_wconf 89' lang='lat' dir='ltr'><strong>rint.</strong></span> <span class='ocrx_word' id='word_1_217' title='bbox 491 2339 687 2386; x_wconf 88' lang='lat' dir='ltr'><strong>Etenim</strong></span> <span class='ocrx_word' id='word_1_218' title='bbox 718 2339 832 2402; x_wconf 86' lang='lat' dir='ltr'><strong>quid</strong></span> <span class='ocrx_word' id='word_1_219' title='bbox 860 2348 930 2387; x_wconf 89' lang='lat' dir='ltr'><strong>est</strong></span> <span class='ocrx_word' id='word_1_220' title='bbox 965 2349 1064 2387; x_wconf 87' lang='lat' dir='ltr'><strong>tam</strong></span> <span class='ocrx_word' id='word_1_221' title='bbox 1089 2355 1350 2388; x_wconf 89' lang='lat' dir='ltr'><strong>commune</strong></span> <span class='ocrx_word' id='word_1_222' title='bbox 1377 2355 1523 2403; x_wconf 90' lang='lat' dir='ltr'><strong>quam</strong></span> <span class='ocrx_word' id='word_1_223' title='bbox 1548 2340 1738 2402; x_wconf 90' lang='lat' dir='ltr'><strong>spiritus</strong></span> <span class='ocrx_word' id='word_1_224' title='bbox 1761 2340 1891 2398; x_wconf 89' lang='lat' dir='ltr'><strong>vivis,</strong></span> <span class='ocrx_word' id='word_1_225' title='bbox 1919 2344 1970 2387; x_wconf 87' lang='lat'><strong>72</strong></span> 
     </span>
     <span class='ocr_line' id='line_1_28' title="bbox 317 2420 1893 2480; baseline 0.002 -14"><span class='ocrx_word' id='word_1_226' title='bbox 317 2429 438 2467; x_wconf 89' lang='lat' dir='ltr'><strong>terra</strong></span> <span class='ocrx_word' id='word_1_227' title='bbox 463 2421 679 2479; x_wconf 90' lang='lat' dir='ltr'><strong>mortuis,</strong></span> <span class='ocrx_word' id='word_1_228' title='bbox 705 2437 837 2468; x_wconf 88' lang='lat' dir='ltr'><strong>mare</strong></span> <span class='ocrx_word' id='word_1_229' title='bbox 869 2422 1224 2480; x_wconf 88' lang='lat' dir='ltr'><strong>fluctuantibus,</strong></span> <span class='ocrx_word' id='word_1_230' title='bbox 1248 2421 1359 2469; x_wconf 85' lang='lat' dir='ltr'><strong>litus</strong></span> <span class='ocrx_word' id='word_1_231' title='bbox 1383 2422 1577 2469; x_wconf 88' lang='lat' dir='ltr'><strong>eiectis?</strong></span> <span class='ocrx_word' id='word_1_232' title='bbox 1616 2420 1689 2470; x_wconf 89' lang='lat' dir='ltr'><strong>Ita</strong></span> <span class='ocrx_word' id='word_1_233' title='bbox 1718 2421 1893 2480; x_wconf 89' lang='lat' dir='ltr'><strong>vivunt,</strong></span> 
     </span>
     <span class='ocr_line' id='line_1_29' title="bbox 319 2502 1895 2566; baseline 0.001 -18"><span class='ocrx_word' id='word_1_234' title='bbox 319 2502 434 2548; x_wconf 90' lang='lat' dir='ltr'><strong>dum</strong></span> <span class='ocrx_word' id='word_1_235' title='bbox 458 2511 676 2565; x_wconf 86' lang='lat' dir='ltr'><strong>possunt,</strong></span> <span class='ocrx_word' id='word_1_236' title='bbox 703 2511 754 2550; x_wconf 93' lang='lat' dir='ltr'><strong>ut</strong></span> <span class='ocrx_word' id='word_1_237' title='bbox 778 2504 950 2552; x_wconf 86' lang='lat' dir='ltr'><strong>ducere</strong></span> <span class='ocrx_word' id='word_1_238' title='bbox 975 2505 1188 2552; x_wconf 89' lang='lat' dir='ltr'><strong>animam</strong></span> <span class='ocrx_word' id='word_1_239' title='bbox 1215 2505 1274 2551; x_wconf 92' lang='lat' dir='ltr'><strong>de</strong></span> <span class='ocrx_word' id='word_1_240' title='bbox 1299 2504 1435 2551; x_wconf 91' lang='lat' dir='ltr'><strong>caelo</strong></span> <span class='ocrx_word' id='word_1_241' title='bbox 1460 2519 1562 2551; x_wconf 93' lang='lat' dir='ltr'><strong>non</strong></span> <span class='ocrx_word' id='word_1_242' title='bbox 1585 2511 1792 2566; x_wconf 80' lang='lat' dir='ltr'><strong>queant3</strong></span> <span class='ocrx_word' id='word_1_243' title='bbox 1829 2504 1895 2551; x_wconf 89' lang='lat' dir='ltr'><strong>ita</strong></span> 
     </span>
     <span class='ocr_line' id='line_1_30' title="bbox 318 2585 1896 2648; baseline 0.001 -18"><span class='ocrx_word' id='word_1_244' title='bbox 318 2585 602 2644; x_wconf 87' lang='lat' dir='ltr'><strong>moriuntur,</strong></span> <span class='ocrx_word' id='word_1_245' title='bbox 631 2594 682 2632; x_wconf 86' lang='lat' dir='ltr'><strong>ut</strong></span> <span class='ocrx_word' id='word_1_246' title='bbox 718 2601 885 2633; x_wconf 91' lang='lat' dir='ltr'><strong>eorum</strong></span> <span class='ocrx_word' id='word_1_247' title='bbox 910 2601 1021 2633; x_wconf 87' lang='lat' dir='ltr'><strong>ossa</strong></span> <span class='ocrx_word' id='word_1_248' title='bbox 1055 2594 1183 2634; x_wconf 89' lang='lat' dir='ltr'><strong>terra</strong></span> <span class='ocrx_word' id='word_1_249' title='bbox 1211 2601 1310 2634; x_wconf 91' lang='lat' dir='ltr'><strong>non</strong></span> <span class='ocrx_word' id='word_1_250' title='bbox 1345 2595 1537 2648; x_wconf 80' lang='lat' dir='ltr'><strong>tangat3</strong></span> <span class='ocrx_word' id='word_1_251' title='bbox 1575 2587 1640 2633; x_wconf 84' lang='lat' dir='ltr'><strong>ita</strong></span> <span class='ocrx_word' id='word_1_252' title='bbox 1663 2586 1896 2634; x_wconf 86' lang='lat' dir='ltr'><strong>iactantur</strong></span> 
     </span>
     <span class='ocr_line' id='line_1_31' title="bbox 318 2665 1893 2731; baseline 0.001 -19"><span class='ocrx_word' id='word_1_253' title='bbox 318 2665 554 2726; x_wconf 89' lang='lat' dir='ltr'><strong>fluctibus,</strong></span> <span class='ocrx_word' id='word_1_254' title='bbox 583 2677 635 2714; x_wconf 91' lang='lat' dir='ltr'><strong>ut</strong></span> <span class='ocrx_word' id='word_1_255' title='bbox 659 2683 924 2730; x_wconf 90' lang='lat' dir='ltr'><strong>numquam</strong></span> <span class='ocrx_word' id='word_1_256' title='bbox 956 2668 1231 2726; x_wconf 87' lang='lat' dir='ltr'><strong>adluantur;</strong></span> <span class='ocrx_word' id='word_1_257' title='bbox 1269 2669 1333 2715; x_wconf 87' lang='lat' dir='ltr'><strong>ita</strong></span> <span class='ocrx_word' id='word_1_258' title='bbox 1366 2677 1614 2731; x_wconf 89' lang='lat' dir='ltr'><strong>postremo</strong></span> <span class='ocrx_word' id='word_1_259' title='bbox 1643 2669 1893 2726; x_wconf 89' lang='lat' dir='ltr'><strong>eiciuntur,</strong></span> 
     </span>
     <span class='ocr_line' id='line_1_32' title="bbox 317 2749 1894 2813; baseline 0.001 -19"><span class='ocrx_word' id='word_1_260' title='bbox 317 2756 372 2795; x_wconf 86' lang='lat' dir='ltr'><strong>ut</strong></span> <span class='ocrx_word' id='word_1_261' title='bbox 394 2763 454 2795; x_wconf 88' lang='lat' dir='ltr'><strong>ne</strong></span> <span class='ocrx_word' id='word_1_262' title='bbox 480 2749 540 2795; x_wconf 90' lang='lat' dir='ltr'><strong>ad</strong></span> <span class='ocrx_word' id='word_1_263' title='bbox 567 2764 684 2796; x_wconf 87' lang='lat' dir='ltr'><strong>saxa</strong></span> <span class='ocrx_word' id='word_1_264' title='bbox 707 2750 903 2813; x_wconf 90' lang='lat' dir='ltr'><strong>quidem</strong></span> <span class='ocrx_word' id='word_1_265' title='bbox 926 2751 1103 2798; x_wconf 91' lang='lat' dir='ltr'><strong>mortui</strong></span> <span class='ocrx_word' id='word_1_266' title='bbox 1128 2750 1491 2813; x_wconf 67' lang='lat' dir='ltr'><strong>conquiescant,</strong></span> <span class='ocrx_word' id='word_1_267' title='bbox 1561 2749 1710 2797; x_wconf 88' lang='lat' dir='ltr'><strong>Tanti</strong></span> <span class='ocrx_word' id='word_1_268' title='bbox 1744 2749 1894 2797; x_wconf 89' lang='lat' dir='ltr'><strong>male-</strong></span> 
     </span>
     <span class='ocr_line' id='line_1_33' title="bbox 318 2830 1893 2895; baseline 0.001 -19"><span class='ocrx_word' id='word_1_269' title='bbox 318 2830 411 2877; x_wconf 92' lang='lat' dir='ltr'><strong>ficii</strong></span> <span class='ocrx_word' id='word_1_270' title='bbox 458 2831 654 2888; x_wconf 90' lang='lat' dir='ltr'><strong>crimen,</strong></span> <span class='ocrx_word' id='word_1_271' title='bbox 698 2832 775 2878; x_wconf 88' lang='lat' dir='ltr'><strong>cui</strong></span> <span class='ocrx_word' id='word_1_272' title='bbox 823 2832 1059 2880; x_wconf 88' lang='lat' dir='ltr'><strong>maleficio</strong></span> <span class='ocrx_word' id='word_1_273' title='bbox 1107 2839 1207 2878; x_wconf 87' lang='lat' dir='ltr'><strong>tam</strong></span> <span class='ocrx_word' id='word_1_274' title='bbox 1255 2832 1443 2893; x_wconf 85' lang='lat' dir='ltr'><strong>insigne</strong></span> <span class='ocrx_word' id='word_1_275' title='bbox 1490 2831 1774 2895; x_wconf 89' lang='lat' dir='ltr'><strong>supplicium</strong></span> <span class='ocrx_word' id='word_1_276' title='bbox 1821 2838 1893 2878; x_wconf 89' lang='lat' dir='ltr'><strong>est</strong></span> 
     </span>
    </p>
   </div>
  </div>
 </body>
</html>
