2132 3094
543 181 662 222 PRO
699 181 834 222 SEX.
874 181 1103 222 ROSCIO.
1179 172 1238 240 ῥῷ
1274 170 1535 240 128-131.
1758 173 1818 223 81

258 313 387 361 enim
411 328 515 360 esse
548 312 597 359 in
630 312 751 375 lege,
777 329 923 376 quarn
947 313 1008 361 ad
1038 313 1165 360 diem
1189 313 1565 376 proscriptiones
1589 311 1827 359 venditio-

256 410 437 457 nesque
474 394 617 453 fiant3
667 391 934 462 [nimirum]
972 410 1226 444 KALENDAS
1260 410 1448 443 1UN1As:
1497 394 1681 457 aliquot
1716 402 1827 455 post

257 476 436 524 mensis
460 485 506 522 et
525 476 671 524 homo
698 477 885 524 occisus
908 485 978 524 est
1002 485 1049 524 et
1067 477 1197 524 bona
1215 477 1400 523 venisse
1420 476 1653 523 dicuntur.
1709 474 1824 522 Pro-

257 557 382 606 fecto
423 566 505 604 aut
544 558 661 605 baec
696 559 826 605 bona
861 559 910 605 in
945 558 1131 605 tabulas
1168 558 1385 621 publicas
1422 557 1551 604 nulla
1586 556 1826 604 redierunt

256 655 440 702 nosque
466 641 527 687 ab
552 641 642 687 isto
667 641 907 688 nebulone
932 640 1128 688 facetius
1151 640 1387 687 eludimur
1410 654 1558 702 quam
1583 647 1823 701 putamus,

258 729 351 779 aut,
377 722 415 768 si
441 722 693 780 redierunt,
720 722 909 770 tabulae
933 722 1152 784 publicae
1177 729 1429 783 corruptae
1457 720 1620 783 aliqua
1642 719 1826 766 ratione

258 811 368 851 sunt
378 819 389 860 ;
427 820 541 850 nam
565 804 671 865 lege
696 804 892 867 quidem
925 805 1055 852 bona
1077 804 1237 851 venire
1266 818 1367 850 non
1390 803 1602 865 potuisse
1628 809 1826 849 constat.

259 886 493 948 Intellego
526 902 604 934 me
637 896 747 934 ante
781 895 985 949 tempus,
1011 886 1203 942 iudices,
1228 885 1346 933 haec
1381 885 1578 932 scrutari
1608 893 1654 931 et
1677 898 1828 946 prope

258 967 460 1015 modum
495 983 666 1026 errare,
703 969 797 1030 qui,
839 983 949 1015 cum
992 967 1137 1030 capiti
1180 967 1286 1014 Sex.
1325 965 1489 1013 Roscii
1526 964 1708 1012 mederi
1745 964 1827 1011 de-

260 1050 415 1106 beam,
438 1049 685 1096 reduviam
715 1064 892 1097 curem.
966 1048 1081 1097 Non
1116 1050 1246 1096 enim
1280 1049 1466 1096 laborat
1498 1048 1557 1095 de
1592 1048 1827 1110 pecunia;

261 1146 360 1178 non
384 1130 522 1177 ullius
551 1131 785 1177 rationem
818 1131 891 1178 sui
922 1130 1167 1178 commodi
1198 1130 1357 1188 ducit;
1393 1129 1532 1177 facile
1565 1137 1828 1191 egestatem

262 1228 398 1259 suam
436 1228 485 1259 se
517 1212 723 1259 laturum
755 1219 903 1274 putat,
930 1212 970 1258 si
1001 1211 1091 1260 hae
1123 1213 1323 1274 indigna
1354 1212 1619 1274 suspitione
1643 1220 1690 1258 et
1714 1211 1829 1258 ficto

158 1308 235 1344 129
259 1295 457 1342 crimine
486 1295 708 1342 liberatus
746 1296 817 1342 sit.
887 1294 1071 1342 Verum
1103 1310 1286 1358 quaeso
1319 1311 1347 1343 a
1378 1297 1529 1356 vobis,
1556 1295 1752 1354 iudices,
1777 1302 1833 1341 ut·

260 1375 378 1424 haec
410 1392 578 1438 pauca,
612 1392 737 1439 quae
773 1384 967 1436 restant,
1001 1377 1067 1423 ita
1102 1377 1317 1434 audiatis,
1348 1385 1401 1425 ut
1437 1379 1610 1440 partim
1645 1393 1723 1424 me
1760 1377 1831 1424 di-

260 1474 367 1506 cere
397 1474 486 1520 pro
509 1473 588 1504 me
613 1458 721 1520 ipso
751 1459 940 1520 putetis,
967 1459 1142 1520 partim
1165 1474 1254 1521 pro
1289 1458 1398 1506 Sex.
1425 1460 1618 1507 Roscio.
1690 1458 1832 1516 Quae

258 1539 389 1586 enim
427 1539 543 1585 mihi
580 1539 779 1601 indigna
816 1547 862 1587 et
896 1540 1214 1587 intolerabilia
1248 1541 1467 1588 videntur
1503 1556 1725 1604 quaeque
1768 1539 1830 1587 ad

259 1621 431 1678 omnis,
459 1621 548 1667 nisi
579 1621 897 1682 providemus,
922 1622 1122 1669 arbitror
1144 1623 1395 1684 pertinere,
1424 1638 1482 1670 ea
1504 1638 1592 1685 pro
1620 1638 1699 1670 me
1722 1623 1830 1686 ipso

259 1718 320 1750 ex
356 1702 503 1750 animi
535 1703 631 1749 mei
663 1718 808 1750 sensu
840 1719 896 1750 ac
929 1703 1096 1750 dolore
1128 1704 1414 1767 pronuntio:
1452 1720 1577 1767 quae
1602 1704 1666 1752 ad
1689 1705 1830 1752 huius

260 1785 383 1832 vitae
422 1780 635 1849 [casum]
671 1780 1012 1850 causam[que]
1047 1785 1314 1847 pertineant
1345 1794 1391 1833 et
1425 1786 1541 1848 quid
1565 1786 1642 1834 hic
1666 1803 1756 1849 pro
1780 1801 1830 1834 se

263 1866 356 1914 dici
379 1866 489 1912 velit
519 1875 565 1913 et
592 1881 690 1928 qua
722 1866 1007 1914 condicione
1041 1875 1292 1914 contentus
1325 1867 1384 1915 sit
1411 1868 1507 1915 iam
1539 1868 1589 1914 in
1619 1876 1835 1915 extrema

160 1958 238 1996 130
262 1948 478 1996 oratione
504 1957 680 2005 nostra,
706 1947 897 2006 iudices,
926 1948 1141 1995 audietis.
1209 1954 1311 2000 45.
1347 1948 1458 2012 Ego
1481 1950 1601 1997 haec
1626 1965 1655 1997 a
1679 1949 1831 2012 Chry·
1897 1956 1905 1964 ’

263 2046 464 2091 sogono,
486 2044 597 2076 mea
621 2038 807 2091 sponte,
829 2039 1016 2078 remoto
1044 2030 1152 2078 Sex.
1175 2031 1370 2091 Roscio,
1394 2046 1591 2094 quaero:
1622 2032 1833 2094 primurn⁴

263 2128 358 2176 qua
383 2128 433 2159 re
459 2112 572 2159 civis
601 2112 770 2173 optimi
800 2113 931 2158 bona
955 2113 1198 2171 venierint,
1226 2113 1400 2161 deinde
1424 2129 1521 2175 qua
1544 2129 1596 2160 re
1622 2113 1831 2160 hominis

261 2195 376 2252 eiuS,
402 2194 484 2256 qui
509 2210 646 2255 neque
669 2196 965 2255 proscriplus
989 2209 1145 2257 neque
1177 2195 1307 2257 apud
1330 2194 1830 2262 adversariosoccisus

260 2285 344 2334 est,
371 2277 499 2322 bona
523 2275 766 2332 venierint,
792 2291 902 2323 cum
926 2276 974 2322 in
999 2291 1083 2323 eos
1110 2276 1240 2325 solos
1263 2277 1340 2324 lex
1364 2277 1539 2338 scripta
1563 2277 1636 2336 sit,
1660 2276 1832 2335 deinde

263 2374 360 2421 qua
394 2374 444 2405 re
479 2357 726 2419 aliquanto
762 2366 871 2420 post
905 2373 1014 2404 earn
1050 2358 1181 2405 diem
1213 2359 1457 2415 venierint,
1486 2373 1612 2420 quae
1646 2358 1748 2412 dies
1782 2358 1831 2405 in

262 2440 367 2502 lege
411 2439 659 2502 praefinita
699 2447 787 2495 est,
827 2439 1000 2486 deinde
1049 2455 1133 2486 cur
1173 2440 1357 2487 tantulo
1397 2440 1655 2487 venierint:
1706 2455 1831 2502 quae

263 2521 428 2570 omnia
458 2520 513 2579 si,
542 2536 689 2583 quem
722 2520 783 2568 ad
814 2521 1017 2568 modum
1050 2522 1205 2569 solent
1236 2521 1391 2569 liberti
1424 2536 1635 2583 nequam
1666 2529 1714 2569 et
1745 2522 1831 2568 im-

262 2602 402 2664 probi
443 2601 611 2661 sacere,
651 2601 701 2649 in
742 2610 999 2664 patronum
1040 2618 1181 2650 suum
1214 2603 1414 2650 voluerit
1449 2602 1678 2660 conferre,
1715 2601 1831 2648 nihil

264 2684 438 2745 egerit;
476 2698 620 2730 nemo
651 2691 724 2730 est
745 2684 877 2731 enim
906 2684 988 2746 qui
1020 2685 1199 2732 nesciat
1229 2693 1424 2747 propter
1449 2683 1832 2745 magnitudinem

265 2780 424 2812 rerum
471 2765 622 2813 multa
669 2765 843 2814 multos
889 2765 1050 2813 furtim
1089 2765 1391 2829 imprudente
1434 2764 1509 2812 L.‘
1531 2764 1662 2812 Sulla
1695 2766 1838 2812 com-³

166 2858 242 2896 131
265 2846 464 2894 misisse.
535 2845 696 2894 Placet
732 2847 874 2909 igitur
909 2847 959 2895 in
1000 2846 1074 2895 his
1114 2847 1260 2894 rebus
1297 2846 1475 2910 aliquid
1510 2846 1838 2909 imprudentia·

1035 2943 1064 2976 F
