2132 3094
550 176 843 218 PRo-SEX.
881 170 1118 217 ROSCIO.
1191 165 1252 234 ᾧῷ
1281 175 1551 231 144—147.
1767 165 1837 232 87

262 309 570 374 amplissimis
593 311 645 358 in
668 325 806 358 suam
829 325 934 358 rem
968 307 1209 368 convertit,
1237 309 1278 356 si
1299 307 1430 357 nulla
1458 309 1511 356 in
1544 324 1610 356 re·
1628 315 1676 356 te
1709 308 1835 356 frau-

262 393 402 451 davit,
434 393 474 440 si
497 393 583 440 tibi
607 393 789 454 optima
812 392 905 439 fide
931 407 1018 440 sua
1035 391 1201 440 omnia
1217 391 1466 448 concessit,
1489 391 1835 450 adnumeravit,

249 474 505 536 appendit,
530 474 571 521 si
592 475 826 532 vestitum,
850 489 949 537 quo
985 474 1087 535 ipse
1122 480 1276 520 tectus
1313 481 1426 529 erat,
1453 472 1747 535 anulumque
1772 473 1834 521 de

261 556 409 619 digito
445 571 587 603 suum
622 557 708 603 tibi
743 556 946 614 tradidit,
977 556 1016 603 si
1050 571 1109 603 ex
1147 555 1370 603 omnibus
1407 555 1548 601 rebus
1585 568 1637 603 se
1671 555 1835 617 ipsum

258 637 447 685 nudum
482 653 639 700 neque
674 647 921 700 praeterea
943 637 1204 700 quicquam
1229 636 1432 698 excepit,
1458 644 1511 682 ut
1541 636 1634 682 sibi
1662 652 1755 698 per
1784 645 1833 684 te

257 719 395 766 liceat
418 719 667 767 innocenti
686 719 953 766 amicorum
976 720 1150 781 opibus
1169 719 1312 766 vitam
1337 719 1388 765 in
1405 726 1615 781 egestate
1640 718 1833 780 degere.

157 809 234 848 145
261 805 358 851 50.
395 800 594 847 Praedia
612 816 721 848 mea
744 809 796 848 tu
813 801 1045 863 possides,
1062 815 1154 863 ego
1173 800 1328 848 aliena
1347 800 1673 848 misericordia
1695 800 1831 848 vivo:

258 882 493 940 concedo,
518 890 565 929 et
600 882 732 944 quod
756 883 945 930 animus
970 897 1154 945 aequus
1184 891 1255 930 est
1290 890 1337 930 et
1372 883 1487 945 quia
1514 897 1712 930 necesse
1747 891 1835 931 est.

258 963 373 1011 Mea
415 964 592 1011 domus
632 964 718 1012 tibi
755 972 897 1027 patet,
938 964 1058 1011 mihi
1094 964 1256 1012 clausa
1297 972 1394 1012 est:
1445 963 1563 1012 fero.
1631 963 1835 1011 Familia

255 1060 366 1094 mea
388 1046 602 1094 maxima
626 1053 678 1092 tu
700 1046 870 1103 uteris,
887 1061 982 1108 ego
1014 1061 1203 1094 servum
1239 1046 1396 1094 habeo
1429 1046 1615 1093 nullum
1630 1060 1645 1104 ;
1678 1045 1838 1108 patior

257 1134 304 1175 et
338 1128 598 1175 ferendum
630 1135 766 1190 puto.
837 1127 970 1186 Quid
998 1128 1068 1175 vis
1103 1127 1349 1190 amplius?
1382 1127 1500 1190 quid
1533 1128 1831 1191 insequeris?

256 1209 372 1272 quid
405 1211 694 1272 oppugnas?
732 1225 829 1273 qua
864 1210 914 1256 in
945 1225 996 1257 re
1031 1217 1165 1257 tuam
1199 1209 1495 1257 voluntatem
1531 1209 1655 1257 laedi
1689 1226 1718 1258 a
1752 1225 1833 1258 me

255 1293 427 1354 putas?
473 1291 557 1338 ubi
593 1291 686 1339 tuis
725 1292 995 1340 commodis
1037 1291 1231 1340 officio?
1269 1290 1385 1354 quid
1426 1292 1511 1339 tibi
1553 1293 1733 1340 obsto?
1783 1292 1833 1339 Si

256 1372 526 1434 spoliorum
562 1388 710 1420 causa
732 1374 803 1420 vis
826 1373 1077 1421 hominem
1111 1373 1345 1432 occidere,
1371 1373 1488 1436 quid
1512 1374 1703 1436 quaeris
1728 1390 1832 1421 am-

253 1453 411 1516 plius?
448 1453 498 1500 Si
521 1454 892 1514 inimicitiarum,
921 1470 1045 1517 quae
1078 1462 1188 1502 sunt
1215 1455 1300 1502 tibi
1323 1455 1595 1503 inimicitiae
1621 1470 1732 1503 cum
1756 1472 1830 1514 eo,

254 1535 390 1583 cuius
422 1542 538 1583 ,ante
561 1535 756 1598 praedia
782 1536 1035 1598 possedisti
1059 1551 1205 1599 quam
1230 1537 1390 1599 ipsum
1421 1538 1724 1599 cognovisti?
1781 1537 1831 1585 Si

253 1624 426 1675 metus,
449 1618 512 1664 ab
547 1632 669 1665 eone
706 1618 884 1680 aliquid
919 1618 1105 1676 metuis,
1135 1633 1283 1681 quem
1317 1618 1450 1665 vides
1485 1618 1646 1680 ipsum
1680 1620 1743 1666 ab
1779 1635 1830 1667 se

255 1706 358 1746 tam
394 1707 607 1746 atrocem
642 1699 866 1747 iniuriam
899 1699 1178 1762 propulsare
1210 1715 1311 1746 non
1345 1701 1520 1761 posse?
1566 1700 1665 1758 Sin,
1700 1701 1831 1764 quod

253 1781 398 1838 bona,
434 1795 558 1843 quae
599 1780 766 1828 Roscii
802 1781 1005 1839 fuerunt,
1041 1789 1123 1828 tua
1158 1781 1284 1829 facta
1321 1790 1445 1839 sunt,
1480 1781 1670 1829 idcirco·
1700 1781 1830 1832 hunc

252 1861 375 1910 illius
412 1862 562 1909 filium
597 1861 759 1910 studes
793 1863 1006 1925 perdere,
1045 1878 1210 1910 nonne
1247 1863 1462 1911 ostendis
1495 1863 1546 1911 id
1583 1872 1628 1910 te
1665 1865 1845 1924 vereri„

254 1941 389 2005 quod
422 1951 611 2005 praeter
644 1952 829 1991 ceteros
865 1953 916 1992 tu
951 1953 1164 1992 metuere
1187 1959 1289 1991 non
1313 1944 1507 2003 debeas,
1531 1961 1592 1992 ne
1628 1946 1826 2009 quando

152 2032 230 2071 146
251 2024 410 2072 liberis
445 2025 822 2088 proscriptorum
860 2026 993 2073 bona
1019 2027 1172 2089 patria
1202 2026 1496 2074 reddantur?
1538 2026 1678 2075 Facis
1711 2027 1830 2075 iniu-

252 2107 389 2165 riam,
427 2105 759 2169 Chrysogone,
798 2107 838 2154 si
879 2108 1112 2156 maiorem
1160 2123 1296 2171 spem
1334 2108 1591 2171 emptionis
1627 2117 1736 2156 tuae
1777 2110 1830 2156 in

251 2187 391 2235 huius
415 2187 563 2235 exitio
590 2188 735 2251 ponis
759 2204 906 2251 quam
930 2189 978 2236 in
1003 2190 1072 2237 eis
1099 2191 1254 2248 rebus,
1281 2206 1403 2253 quas
1427 2189 1486 2237 L.
1512 2191 1642 2238 Sulla
1665 2192 1829 2254 gessit.

253 2269 402 2329 Quod
427 2270 467 2317 si
489 2270 574 2316 tibi
599 2285 746 2317 causa
770 2271 899 2318 nulla
929 2280 1000 2319 est
1024 2287 1109 2319 cur
1133 2272 1262 2320 hunc
1293 2273 1520 2320 miserum
1544 2273 1824 2322 tantacala-

251 2351 416 2399 mitate
452 2352 597 2400 adfici
620 2353 749 2410 velis,
775 2353 816 2399 si
850 2353 938 2400 tibi
970 2355 1135 2402 omnia
1169 2369 1255 2401 sua
1288 2363 1477 2417 praeter
1498 2355 1708 2403 animam
1731 2364 1823 2404 tra-

252 2433 368 2481 didit
391 2448 482 2481 nec
505 2433 595 2481 sibi
619 2434 879 2497 quicquam
914 2444 1164 2496 paternum
1201 2452 1262 2484 ne
1297 2437 1610 2485 monumenti.
1629 2438 1827 2500 quidem

253 2529 401 2563 causa
448 2514 575 2562 clam
620 2517 885 2573 reservavit,
927 2533 1014 2580 per
1060 2517 1177 2565 deos
1224 2518 1522 2577 immortalis,
1564 2534 1685 2581 quae
1733 2520 1822 2568 ista

252 2605 385 2646 tanta
409 2597 660 2645 crudelitas
689 2600 800 2646 est?
837 2597 975 2655 Quae
1000 2606 1098 2645 tam
1136 2598 1233 2647 fera
1267 2601 1585 2664 immanisque
1616 2602 1821 2651 natura?

253 2677 377 2737 Quis
412 2693 647 2741 umquam
682 2679 861 2741 praedo
895 2679 982 2727 fuit
1015 2687 1114 2727 tam
1149 2681 1373 2739 nefarius,
1400 2682 1506 2744 quis
1537 2683 1693 2745 pirata
1721 2692 1825 2733 tam

252 2760 501 2819 barbarus,
526 2767 592 2818 ut,
617 2776 728 2808 cum
750 2761 983 2823 integram
1006 2762 1236 2824 praedam
1260 2763 1362 2810 sine
1388 2764 1621 2826 sanguine
1644 2764 1823 2814 habere

151 2852 228 2895 147
254 2849 431 2904 posset,
470 2850 667 2891 cruenta
702 2842 854 2905 spolia
890 2842 1134 2891 detrahere
1170 2844 1367 2892 mallet?
1412 2843 1514 2893 Scis
1545 2845 1674 2895 hunc
1704 2847 1826 2896 nihil
