2132 3094
554 189 671 230 PRO
708 188 842 229 SEX.
870 179 1111 235 ROSCIO·
1191 178 1253 246 ἑξ
1286 189 1549 244 149-151.
1772 178 1836 247 89

269 318 424 369 facere
448 318 712 368 Messalam
736 320 917 380 videtis,
942 320 1025 384 qui
1048 327 1193 383 caput
1220 320 1490 368 innocentis
1514 320 1836 378 defenderent,

268 402 350 464 qui
389 401 586 449 iniuriae
627 402 911 461 resisterent,
952 403 1035 465 qui
1072 409 1309 465 quantum
1349 409 1550 464 possent
1591 401 1641 448 in
1689 402 1838 449 salute

220 524 224 530 .
268 483 458 532 alterius
477 498 624 547 quam
649 483 700 529 in
722 483 868 531 exitio
887 483 1086 531 mallent
1105 482 1360 531 ostendere
1379 498 1392 542 ;
1429 482 1562 545 quod
1587 483 1626 529 si
1652 497 1835 542 omnes,

267 565 351 627 qui
374 564 549 612 eodem
583 564 694 613 loco
731 565 828 613 nati
863 573 986 624 sunt,
1011 564 1234 623 facerent,
1260 561 1307 612 et
1335 580 1411 612 res
1447 564 1640 627 publica
1663 580 1723 612 ex
1749 564 1838 611 illis

266 656 312 695 et
336 647 427 710 ipsi
451 663 511 694 ex
537 647 718 694 invidia
740 648 899 695 minus
922 647 1208 696 laborarent.

264 847 320 898 If
333 846 617 898 Chrysogonus
636 848 673 886 z's
691 847 936 899 implacable‚
958 848 1069 887 there
1089 849 1126 888 is
1151 860 1204 887 no
1229 848 1326 899 hope
1339 843 1420 900 for
1436 859 1499 896 us,
1515 846 1677 900 judges,
1701 847 1774 885 but
1792 847 1838 885 in

363 928 463 966 you.
526 915 614 955 God
622 915 774 967 forbid
795 916 888 954 that
902 928 991 968 you
1018 916 1167 955 should
1191 916 1248 955 sit
1272 916 1383 955 there
1401 921 1439 955 to
1458 928 1580 966 carry
1598 920 1670 954 out
1686 928 1712 953 a
1732 927 1840 953 more

373 984 772 1036 cruelproscrzsption
789 984 956 1035 against
973 984 1039 1022 the
1056 983 1241 1023 children
1261 984 1313 1036 of
1323 983 1390 1023 the
1408 983 1721 1036 proscribed—a
1740 988 1839 1035 pro·

372 1052 570 1103 scrz'ptz’on
589 1051 740 1101 which,
760 1052 807 1104 zf
822 1064 914 1090 once
942 1052 1086 1103 began,
1106 1052 1202 1091 will
1225 1051 1344 1090 reach
1373 1057 1413 1091 to
1438 1051 1508 1091 the
1534 1064 1633 1102 very
1651 1051 1763 1090 babes
1791 1051 1838 1089 in

373 1120 484 1158 their
499 1119 685 1159 cradles!
737 1121 799 1159 Be
828 1119 863 1158 it
879 1133 1012 1170 yours
1039 1120 1183 1158 rather
1208 1125 1246 1158 to
1260 1119 1365 1171 sree'
1382 1119 1449 1158 the
1466 1125 1578 1167 state,
1599 1119 1733 1157 which
1755 1132 1838 1157 was

372 1201 464 1228 once
478 1188 651 1240 famous
660 1188 744 1241 sor
772 1201 902 1237 mercy
921 1193 959 1227 to
983 1187 1037 1227 its
1058 1189 1244 1237 enemies,
1260 1187 1380 1241 from
1401 1188 1466 1226 the
1485 1188 1598 1226 stain
1617 1187 1668 1239 of
1684 1188 1839 1237 cruelly

369 1262 417 1295 at
432 1256 556 1295 home.

164 1387 242 1424 150
334 1378 431 1423 52.
467 1373 651 1420 Verum
675 1374 715 1421 si
740 1389 768 1421 a
793 1373 1126 1437 Chrysogono,
1151 1374 1347 1433 iudices,
1372 1389 1474 1422 non
1509 1373 1837 1437 impetramus,

264 1464 316 1503 ut
352 1454 559 1518 pecunia
600 1462 765 1502 nostra
805 1462 1058 1503 contentus
1100 1455 1172 1512 sit,
1209 1455 1356 1502 vitam
1393 1470 1455 1502 ne
1496 1463 1638 1517 petat,
1682 1456 1720 1502 si
1762 1455 1837 1503 ille

264 1537 438 1585 adduci
473 1551 574 1584 non
611 1536 783 1599 potest,
820 1544 885 1595 ut,
916 1552 1028 1584 cum
1063 1536 1294 1584 ademerit
1327 1537 1470 1584 nobis
1505 1537 1682 1594 omnia,
1712 1552 1838 1598 quae

262 1628 428 1667 nostra
462 1626 596 1665 erant
626 1618 835 1680 propria,
861 1634 923 1665 ne
957 1618 1116 1666 lucem
1150 1634 1346 1681 quoque
1380 1618 1524 1676 hanc,
1550 1634 1674 1681 quae
1704 1634 1838 1667 com·

266 1701 426 1748 munis
467 1708 551 1759 est,
596 1700 776 1762 eripere
815 1700 988 1763 cupiat,
1028 1700 1067 1747 si
1111 1716 1211 1748 non
1254 1701 1366 1748 satis
1407 1700 1553 1748 habet
1593 1701 1838 1748 avaritiam

266 1797 402 1830 suam
437 1781 643 1844 pecunia
670 1780 875 1843 explere,
899 1781 990 1829 nisi
1014 1781 1159 1829 etiam
1183 1781 1448 1829 crudelitati
1481 1782 1675 1844 sanguis
1698 1797 1836 1844 prae-

263 1865 390 1912 bitus
427 1863 501 1921 sit,
536 1877 688 1909 unum
724 1861 1006 1924 perfugium,
1032 1863 1227 1922 iudices,
1265 1879 1362 1911 una
1399 1879 1510 1926 spes
1547 1864 1730 1927 reliqua
1765 1873 1836 1911 est

267 1947 379 1993 Sex.
424 1944 620 2002 Roscio,
663 1944 833 1992 eadem
880 1959 1004 2007 quae
1050 1944 1118 1992 rei
1158 1945 1394 2007 publicae,
1437 1954 1592 1992 vestra
1638 1945 1837 2007 pristina

264 2027 456 2075 bonitas
483 2034 531 2074 et
565 2025 902 2085 misericordia,
928 2041 1051 2089 quae
1087 2027 1126 2073 si
1161 2034 1339 2085 manet,
1374 2027 1490 2073 salvi
1525 2027 1669 2074 etiam
1705 2042 1835 2073 nunc

265 2124 370 2157 esse
393 2122 682 2171 possumus;
720 2107 794 2155 sin
818 2123 876 2155 ea
900 2107 1168 2166 crudelitas,
1194 2124 1319 2171 quae
1344 2108 1437 2156 hoc
1463 2116 1680 2171 tempore
1703 2109 1753 2155 in
1785 2124 1836 2154 re

264 2190 457 2254 publica
481 2197 666 2236 versata
688 2197 774 2246 est,
805 2196 987 2237 vestros
1011 2205 1207 2252 quoque
1240 2189 1549 2237 animos—id
1577 2189 1710 2252 quod
1734 2190 1836 2235 fieri

263 2270 479 2335 profecto
514 2286 615 2319 non
649 2271 1090 2334 potest—duriores
1114 2272 1483 2334 acerbioresque
1507 2271 1727 2328 reddidit,
1754 2286 1834 2318 ac-

265 2362 367 2401 tum
406 2361 492 2411 est,
532 2353 740 2402 iudices:
775 2349 916 2400 ‘inter
951 2353 1073 2401 feras
1114 2354 1258 2401 satius
1300 2361 1371 2400 est
1413 2362 1616 2401 aetatem
1661 2353 1836 2415 degere

165 2446 241 2484 151
265 2450 411 2498 quam
445 2435 495 2481 in
529 2434 621 2482 hac
658 2443 788 2482 tanta
824 2435 1117 2482 immanitate
1157 2435 1344 2482 versari.
1414 2435 1494 2481 Ad
1526 2450 1696 2481 eamne
1732 2450 1834 2482 rem

266 2532 351 2564 vos
386 2517 608 2564 reservati
643 2516 789 2564 estis?
829 2516 908 2563 Ad
943 2532 1114 2563 eamne
1153 2532 1255 2563 rem
1292 2517 1477 2573 delecti,
1504 2525 1554 2563 ut
1591 2532 1676 2563 eos
1715 2532 1833 2564 con-

266 2598 568 2655 demnaretis,
595 2613 721 2660 quos
746 2606 955 2645 sectores
992 2613 1049 2645 ac
1089 2598 1240 2645 sicarii
1276 2598 1487 2660 iugulare
1518 2614 1618 2645 non
1652 2598 1832 2660 potuis-

265 2680 402 2727 sent?
441 2678 606 2726 Solent
640 2678 734 2726 hoc
771 2679 888 2726 boni
912 2679 1224 2741 imperatores
1263 2679 1430 2737 facere,
1458 2695 1570 2726 cum
1594 2679 1831 2741 proelium

263 2760 581 2817 committunt,
606 2768 658 2806 ut
693 2761 743 2807 in
774 2775 834 2807 eo
863 2746 987 2818 loco,
1013 2774 1111 2822 quo
1139 2760 1306 2821 fugam
1337 2759 1547 2807 hostium
1576 2760 1676 2807 fore
1710 2760 1831 2807 arbi-

264 2847 461 2900 trentur,
482 2841 653 2889 milites
676 2842 949 2900 conlocent,
974 2841 1023 2888 in
1056 2857 1193 2904 quos,
1221 2841 1259 2888 si
1291 2841 1372 2903 qui
1397 2857 1457 2888 ex
1482 2842 1583 2889 acie
1608 2841 1828 2902 fugerint,
