2132 3094
303 199 380 253 74
586 198 704 239 PRO
742 192 1154 255 SEX-ROSCIO.
1237 188 1300 257 §Q
1342 197 1603 243 110—112.

307 329 519 378 venditio
557 330 815 389 bonorum,
853 330 987 378 illum
1021 329 1279 394 pecuniam
1314 331 1550 395 grandem
1584 331 1883 392 amissurum,

307 428 413 461 sese
449 413 616 476 capitis
651 413 916 476 periculum
953 414 1191 461 aditurum
1206 428 1220 474 ;
1269 414 1402 461 illum
1440 430 1624 474 acuere,
1661 410 1767 475 hos,
1805 415 1887 478 qui

308 495 449 543 simul
495 504 629 543 erant
669 497 819 554 missi,
863 496 1024 544 fallere
1041 513 1054 555 ;
1107 497 1242 544 illum
1288 496 1550 545 identidem
1596 511 1796 545 monere
1835 504 1886 545 ut

274 587 278 593 '
308 587 513 638 caveret,
540 578 669 626 hisce
706 579 932 626 insidiose
970 594 1107 641 spem
1137 578 1310 626 falsam
1343 578 1627 638 ostendere;
1664 595 1776 627 cum
1805 578 1887 627 illo

307 668 476 708 contra
518 660 608 708 hos
646 662 765 709 inire
803 661 1015 721 consilia,
1053 661 1230 709 horum
1266 661 1467 709 consilia
1507 660 1574 708 illi
1612 662 1856 709 enuntiare
1872 678 1885 720 ς

308 759 422 791 cum
447 743 526 791 illo
547 752 736 805 partem
767 759 904 791 suam
930 743 1186 805 depecisci,
1212 742 1345 791 hisce
1381 743 1541 807 aliqua
1571 743 1721 791 fretus
1751 759 1888 791 mora

308 841 500 888 semper
536 826 696 873 omnis
734 825 889 873 aditus
927 825 988 872 ad
1027 825 1205 872 Sullam
1248 825 1591 885 intercludere;
1639 833 1888 889 postremo

309 908 402 955 isto
433 907 690 968 hortatore,
718 916 925 966 auctore,
953 908 1267 956 intercessore
1304 907 1367 955 ad
1398 907 1583 955 Sullam
1610 907 1758 970 legati
1786 923 1888 956 non

306 989 555 1048 adierunt;
605 990 739 1037 istius
775 989 869 1037 fide
907 1006 966 1037 ac
1002 990 1163 1052 potius
1194 989 1396 1053 perfidia
1432 988 1632 1052 decepti,
1670 990 1720 1037 id
1755 989 1889 1053 quod

308 1088 368 1119 ex
405 1072 519 1134 ipsis
561 1087 856 1134 cognoscere
893 1072 1122 1134 poteritis,
1163 1071 1201 1119 si
1243 1080 1493 1120 accusator
1531 1071 1728 1119 voluerit
1761 1072 1898 1119 testi-'

309 1154 529 1201 monium
555 1154 623 1201 eis
649 1154 945 1212 denuntiare,
969 1170 1057 1218 pro
1085 1170 1135 1202 re
1167 1162 1297 1202 certa
1327 1170 1464 1217 spem
1493 1154 1664 1202 falsam
1688 1154 1890 1202 domum

305 1236 602 1284 rettulerunt.

355 1375 422 1414 He
441 1388 527 1413 was
539 1374 682 1426 guilty
699 1374 751 1427 qs
756 1387 783 1414 a
802 1373 944 1414 breaclz
964 1374 1015 1427 qf
1022 1379 1137 1414 trust
1154 1374 1330 1414 towards
1348 1371 1811 1428 hissellozv-townsmen
1822 1386 1843 1424 ;

380 1482 439 1529 In
486 1482 684 1545 privatis
731 1482 876 1531 rebus
925 1482 963 1529 si
1007 1483 1088 1545 qui
1130 1498 1232 1530 rem
1274 1482 1557 1529 mandatam
1599 1497 1700 1530 non
1741 1480 1892 1530 modo
1917 1492 1994 1530 111

310 1564 594 1612 malitiosius
641 1564 870 1626 gessisset
912 1565 983 1611 sui
1030 1571 1258 1627 quaestus
1305 1573 1386 1612 aut
1435 1563 1682 1612 commodi
1730 1578 1889 1621 causa,

311 1662 476 1694 verum
510 1646 654 1694 etiam
689 1646 1037 1708 neglegentius,
1068 1662 1178 1693 eum
1216 1648 1425 1694 maiores
1462 1661 1704 1694 summum
1740 1646 1892 1694 admi-

311 1730 431 1777 sisse
468 1729 676 1777 dedecus
714 1729 1082 1787 existimabant;
1132 1730 1290 1792 itaque
1327 1728 1543 1776 mandati
1579 1729 1893 1776 constitutum

313 1821 382 1860 est
407 1812 636 1859 iudicium
662 1827 763 1859 non
787 1812 949 1858 minus
973 1820 1110 1873 turpe
1136 1827 1283 1874 quam
1307 1811 1432 1869 furti,
1453 1811 1612 1870 credo,
1639 1821 1892 1873 propterea

313 1894 447 1957 quod
472 1894 647 1957 quibus
680 1894 730 1940 in
763 1895 907 1941 rebus
939 1894 1030 1956 ipsi
1064 1895 1294 1941 interesse
1327 1908 1426 1941 non
1450 1908 1724 1955 possumus,
1751 1893 1801 1939 in
1827 1893 1894 1941 eis
1918 1952 1920 1954 V

312 1992 491 2040 operae
527 1985 719 2024 nostrae
747 1976 923 2024 vicaria
959 1976 1079 2024 fides
1115 1976 1384 2023 amicorum
1421 1976 1718 2038 supponitur,
1746 1990 1894 2038 quam

312 2060 395 2124 qui
441 2059 599 2120 laedit,
649 2068 901 2122 oppugnat
949 2060 1168 2107 omnium
1210 2074 1468 2128 commune
1515 2058 1806 2121 praesidium
1847 2066 1895 2107 et

313 2150 549 2206 quantum
573 2142 623 2188 in
648 2141 756 2203 ipso
779 2148 852 2188 est
874 2141 1109 2188 disturbat
1126 2141 1249 2189 vitae
1274 2141 1569 2189 societatem.
1623 2139 1741 2188 Non
1764 2140 1894 2189 enim

314 2240 573 2288 possumus
597 2224 763 2271 omnia
788 2238 876 2286 per
900 2239 991 2271 nos
1027 2239 1170 2286 agere
1183 2239 1196 2283 ;
1233 2223 1352 2270 alius
1377 2223 1427 2269 in
1452 2222 1544 2270 alia
1569 2230 1642 2271 est
1665 2236 1716 2270 re
1740 2223 1895 2286 magis

313 2307 468 2355 utilis:
507 2306 686 2355 idcirco
720 2306 957 2354 amicitiae
994 2313 1353 2368 comparantur,
1380 2313 1433 2351 ut
1465 2320 1726 2353 commune
1759 2320 1894 2353 com-

313 2389 517 2438 modum
559 2389 738 2436 mutuis
778 2388 949 2436 officiis
990 2389 1297 2451 gubernetur.
1370 2387 1503 2446 Quid
1545 2387 1717 2450 recipis
1755 2403 1896 2435 man*
1920 2401 1998 2439 112

316 2472 497 2530 datum,
523 2472 560 2519 si
594 2479 678 2519 aut
710 2471 1016 2534 neglecturus
1051 2480 1134 2519 aut
1164 2471 1226 2519 ad
1258 2479 1397 2517 tuum
1430 2470 1748 2518 commodum
1780 2486 1902 2518 cone

317 2570 537 2602 versurus
567 2555 653 2602 es?
703 2553 804 2602 Cur
828 2554 946 2601 mihi
968 2563 1015 2602 te
1040 2554 1187 2602 offers
1213 2569 1269 2601 ac
1294 2553 1415 2600 meis
1441 2552 1710 2601 commodis
1734 2553 1896 2602 officio

315 2637 543 2685 simulato
574 2636 727 2684 officis
759 2644 806 2684 et
841 2637 1040 2685 obstas?
1098 2636 1292 2684 Recede
1327 2635 1386 2683 de
1415 2635 1578 2683 medio
1588 2651 1601 2695 3
1638 2651 1726 2698 per
1748 2635 1894 2683 alium

315 2720 608 2781 transigam:
654 2718 859 2780 suscipis
895 2734 1019 2768 onus
1056 2718 1212 2775 officii,
1240 2717 1371 2780 quod
1403 2727 1450 2765 te
1485 2726 1626 2780 putas
1662 2718 1895 2765 sustinere

315 2818 405 2849 non
431 2816 589 2864 posse,
609 2799 742 2864 quod
766 2800 965 2849 minime
989 2800 1176 2848 videtur
1198 2816 1344 2862 grave
1368 2800 1453 2859 eis,
1474 2801 1558 2863 qui
1582 2800 1779 2847 minime
1804 2799 1895 2862 ipsi

315 2883 442 2932 leves
468 2891 591 2933 sunt.
663 2887 764 2939 39.
797 2882 932 2946 Ergo
956 2882 1137 2932 idcirco
1161 2883 1309 2945 turpis
1342 2882 1461 2930 haec
1487 2881 1629 2945 culpa
1653 2889 1736 2943 est,
1763 2880 1896 2945 quod
