2060 3086
262 185 335 233 44
588 177 706 218 PRO
743 176 881 219 SEX.
919 176 1150 217 ROSCIO.
1229 164 1293 233 ᾧῷ
1322 180 1517 234 30-33.

261 314 310 359 in
335 311 462 358 hunc
488 318 534 358 et
559 317 866 358 accusatores
898 308 1096 357 huiusce
1129 308 1336 371 pecunia
1370 316 1679 371 comparant:
1717 308 1843 357 hanc

262 395 602 443 condicionem
625 394 800 441 misero
826 392 997 452 ferunt,
1024 403 1076 439 ut
1108 399 1255 455 optet,
1281 400 1443 439 utrum
1471 392 1606 439 malit
1636 392 1843 440 cervices

264 477 445 528 Roscio
478 476 591 524 dare
627 491 690 524 an
723 476 909 524 insutus
941 475 989 522 in
1023 474 1212 522 culeum
1245 489 1331 536 per
1355 489 1599 521 summum
1631 474 1844 523 dedecus

262 560 408 607 vitam
434 559 663 606 amittere.
734 557 973 605 Patronos
1006 556 1115 604 huic
1138 554 1386 604 defuturos
1410 564 1723 629 putaverunt:
1761 556 1843 628 de-

261 649 401 690 sunt:
439 641 521 704 qui
554 641 704 688 libere
730 640 869 698 dicat,
896 639 978 702 qui
1011 654 1125 687 cum
1158 638 1252 685 fide
1286 637 1525 696 defendat,
1550 638 1600 686 id
1623 639 1756 702 quod
1794 639 1844 685 in

261 723 352 770 hac
391 738 539 771 causa
575 730 645 770 est
680 722 807 779 satis,
833 721 1065 784 quoniam
1102 719 1299 783 quidem
1336 721 1541 782 suscepi,
1575 735 1675 768 non
1710 721 1844 769 deest

261 805 493 868 profecto,
521 805 714 852 iudices.
781 803 846 851 Et
868 803 1068 851 forsitan
1091 803 1142 849 in
1166 802 1472 865 suscipienda
1496 818 1642 850 causa
1664 811 1843 851 temere
1866 810 1918 850 31

214 939 216 942 v
261 887 494 950 impulsus
535 886 858 935 adulescentia
900 885 1124 933 fecerim:
1179 885 1411 948 quoniam
1453 885 1649 948 quidem
1696 885 1846 933 semel

262 970 465 1031 suscepi,
493 969 602 1016 licet
626 969 846 1016 hercules
877 967 1092 1031 undique
1127 982 1300 1016 omnes
1333 967 1452 1015 mihi
1485 968 1646 1016 minae
1671 976 1719 1015 et
1750 976 1844 1016 ter-

261 1066 394 1098 rores
441 1050 750 1114 periculaque
792 1050 1106 1113 impendeant
1153 1049 1330 1107 omnia,
1376 1064 1654 1097 succurram
1702 1058 1845 1113 atque

262 1134 460 1181 subibo:
499 1142 683 1180 certum
714 1141 787 1180 est
811 1132 1236 1196 deliberatumque,
1263 1147 1389 1196 quae
1420 1132 1482 1179 ad
1516 1148 1713 1180 causam
1736 1148 1845 1195 per-

261 1216 414 1263 tinere
448 1215 664 1275 arbitror,
696 1216 861 1263 omnia
894 1231 996 1263 non
1029 1215 1181 1263 modo
1208 1215 1384 1274 dicere,
1409 1229 1574 1262 verum
1607 1215 1753 1262 etiam
1791 1215 1846 1262 li-

261 1300 443 1355 benter,
469 1297 697 1345 audacter
721 1297 967 1360 libereque
994 1298 1179 1356 dicere;
1217 1297 1348 1344 nulla
1372 1312 1448 1344 res
1480 1305 1613 1345 tanta
1636 1297 1845 1355 exsistet,

259 1380 453 1439 iudices,
480 1387 532 1426 ut
555 1379 709 1442 possit
733 1380 830 1426 vim
855 1379 973 1426 mihi
998 1379 1232 1427 maiorem
1258 1379 1484 1427 adhibere
1515 1388 1673 1426 metus
1697 1394 1845 1442 quam

260 1462 394 1509 fides.
442 1460 637 1508 Etenim
662 1462 769 1525 quis
794 1470 894 1509 tam
918 1461 1153 1510 dissoluto
1177 1462 1343 1509 animo
1366 1470 1451 1520 est,
1479 1462 1562 1525 qui
1587 1461 1705 1509 haec
1731 1476 1843 1510 cum
1865 1469 1916 1508 32

259 1544 432 1602 videat,
467 1552 624 1592 tacere
658 1560 714 1592 ac
753 1544 1011 1606 neglegere
1047 1545 1232 1606 possit?
1287 1544 1479 1592 Patrem
1515 1559 1694 1602 meum,
1730 1560 1844 1592 cum

260 1627 559 1689 proscriptus
593 1641 694 1673 non
727 1635 866 1684 esset,
894 1626 1144 1689 iugulastis
1167 1643 1181 1686 ;
1217 1626 1432 1674 occisum
1462 1627 1512 1673 in
1544 1626 1843 1689 proscripto—

260 1724 367 1756 rum
403 1724 660 1756 numerum
693 1709 963 1767 rettulistis3
1007 1724 1085 1756 me
1120 1709 1269 1756 domo
1301 1724 1410 1756 mea
1445 1725 1533 1771 per
1557 1709 1653 1755 vim
1689 1724 1842 1772 expu-

259 1790 402 1849 listis;
439 1791 783 1853 patrimonium
802 1806 967 1838 meum
986 1790 1265 1853 possidetis:
1303 1790 1421 1854 quid
1439 1791 1579 1838 voltis
1603 1791 1841 1854 amplius?

259 1871 484 1919 Etiamne
509 1872 572 1920 ad
596 1872 826 1921 subsellia
862 1888 973 1920 cum
1006 1873 1130 1920 ferro
1156 1881 1299 1936 atque
1324 1874 1427 1921 telis
1453 1874 1661 1932 venistis,
1686 1882 1738 1921 ut
1764 1873 1840 1922 hic

257 1962 338 2001 aut
362 1954 583 2017 iuguletis
609 1963 689 2002 aut
714 1955 1046 2004 condemnetis
1073 1952 1206 2022 [Sex.
1234 1952 1525 2022 Roscium]?

364 2163 420 2202 To
424 2162 533 2216 find
546 2176 573 2202 a
587 2164 772 2215 parallel
786 2177 841 2203 we
860 2170 971 2203 must
984 2177 1036 2216 go
1052 2165 1148 2203 back
1166 2169 1205 2203 to
1224 2165 1291 2204 tlze
1309 2178 1395 2204 case
1413 2165 1465 2217 qs
1479 2166 1524 2205 C.
1546 2166 1740 2206 Fimbria

803 2233 1000 2284 accusz'ng
1021 2235 1068 2283 ρ.
1089 2234 1292 2273 Scaevola.

328 2363 423 2407 12.
462 2357 732 2406 Hominem
756 2360 902 2420 longe
927 2360 1302 2407 audacissimum
1331 2376 1484 2423 nuper
1507 2362 1763 2411 habuimus
1788 2364 1839 2411 in
1863 2372 1915 2411 33

258 2440 441 2488 civitate
480 2440 536 2488 C.
574 2441 839 2489 Fimbriam
871 2450 931 2500 et,
972 2442 1104 2504 quod
1147 2442 1270 2491 inter
1311 2444 1471 2491 omnis
1504 2453 1704 2505 constat,
1747 2446 1839 2493 nisi

258 2521 380 2568 inter
417 2538 513 2580 eos,
553 2523 636 2585 qui
677 2523 767 2586 ipsi
805 2538 1001 2586 quoque
1042 2524 1299 2583 insaniunt,
1342 2525 1716 2575 insanissimum.
1789 2527 1839 2575 Is

260 2617 372 2649 cum
408 2612 615 2652 curasset
651 2606 702 2651 in
736 2605 902 2653 funere
939 2604 998 2653 C.
1029 2603 1187 2663 Marii,
1225 2614 1277 2652 ut
1314 2606 1374 2665 Q.
1412 2606 1638 2655 Scaevola
1673 2610 1837 2658 volne-

260 2693 453 2740 raretur,
478 2686 547 2733 vir
582 2687 912 2734 sanctissimus
945 2695 1089 2750 atque
1127 2689 1460 2737 ornatissimus
1495 2698 1687 2738 nostrae
1723 2692 1837 2739 civi-

259 2767 381 2824 tatis,
408 2767 467 2814 de
492 2769 626 2816 cuius
651 2768 792 2816 laude
825 2785 981 2831 neque
1011 2768 1087 2817 hic
1112 2769 1249 2817 locus
1273 2778 1343 2817 est
1367 2778 1419 2818 ut
1443 2772 1596 2819 multa
1621 2772 1837 2820 dicantur

261 2864 419 2912 neque
443 2849 581 2911 plura
606 2858 770 2897 tamen
805 2851 898 2898 dici
934 2859 1148 2914 possunt,
1176 2867 1323 2915 quarn
1348 2853 1554 2915 populus
1580 2853 1836 2903 Romanus
