2060 3086
350 156 422 223 56
675 165 796 206 PRO
832 164 965 208 SEX.
1006 164 1238 206 ROSCIO.
1313 155 1374 224 §§
1413 154 1605 225 63—66'.

348 300 493 347 etiam
516 299 640 347 feras
663 299 783 347 inter
807 314 912 347 sese
944 307 1110 363 partus
1139 308 1283 363 atque
1307 299 1531 348 educatio
1555 308 1603 348 et
1634 297 1803 349 natura
1815 299 1929 363 ipsa

349 381 581 430 conciliet.

388 536 543 576 Would
546 549 636 588 you
655 536 803 576 realise
821 535 888 575 the
892 534 995 587 full
1006 533 1212 585 enormity
1230 533 1356 586 ofthe
1374 532 1534 585 charge,
1553 533 1640 573 look
1658 538 1704 573 at
1720 534 1788 574 tlte
1805 547 1891 574 case

1000 603 1053 655 of
1065 603 1111 641 T.
1136 602 1304 642 Caelius
1314 615 1334 651 ;

71 712 204 776 T-hird
231 766 238 774 ‚
421 715 518 760 23.
544 708 660 758 Non
677 709 740 756 ita
758 707 920 756 multis
938 715 1050 755 ante
1075 706 1214 755 annis
1228 706 1361 754 aiunt
1377 706 1439 754 T.
1449 705 1667 755 Caelium
1682 707 1927 771 quendam
1949 715 2001 754 64

67 769 311 820 d¹goe⁵⁵¹⁰¹¹'
347 791 764 850 Tarracinensem,
815 789 1064 838 hominem
1111 803 1212 836 non
1259 789 1532 848 obscurum,
1576 805 1689 837 cum
1730 791 1926 838 cenatus

346 874 564 922 cubitum
611 873 662 919 in
702 872 832 920 idem
873 871 1102 920 conclave
1144 886 1257 919 cum
1304 871 1494 919 duobus
1541 871 1926 920 adulescentibus

349 955 455 1002 filiis
464 955 588 1012 isset,
597 954 845 1002 inventum
863 969 969 1002 esse
977 969 1121 1001 mane
1139 953 1422 1015 iugulatum.
1460 953 1588 1001 Cum
1597 969 1754 1017 neque
1763 967 1925 1002 servus

348 1036 604 1100 quisquam
643 1036 923 1098 reperiretur
968 1051 1126 1099 neque
1167 1035 1287 1083 liber
1328 1035 1390 1083 ad
1436 1051 1582 1099 quem
1629 1051 1688 1083 ea
1727 1035 1925 1099 suspitio

347 1118 613 1180 pertineret,
640 1118 689 1165 id
725 1119 894 1167 aetatis
930 1125 1092 1166 autem
1125 1117 1224 1167 duo
1259 1118 1341 1165 filii
1375 1128 1568 1181 propter
1592 1119 1833 1187 cubantes
1861 1132 1926 1166 ne
1956 1152 1959 1154 >

348 1200 553 1247 sensisse
577 1201 773 1263 quidem
798 1216 849 1248 se
874 1201 1099 1260 dicerent,
1125 1202 1324 1249 nomina
1347 1200 1554 1248 filiorum
1579 1199 1638 1248 de
1669 1199 1924 1263 parricidio

346 1281 503 1329 delata
539 1290 660 1329 sunt.
723 1281 856 1341 Quid
891 1290 1081 1346 poterat
1115 1291 1216 1331 tam
1252 1298 1359 1331 esse
1393 1282 1743 1345 suspitiosum?
1792 1279 1925 1330 Neu·

345 1373 536 1412 trumne
562 1365 801 1412 sensisse?
837 1364 1027 1413 Ausum
1051 1374 1215 1413 autern
1238 1380 1344 1413 esse
1369 1379 1683 1428 quemquam,
1708 1379 1759 1412 se
1792 1364 1844 1411 in
1872 1364 1924 1413 id

347 1446 575 1494 conclave
612 1447 926 1504 committere,
968 1462 1029 1495 eo
1063 1447 1369 1510 potissimum
1405 1455 1637 1509 tempore,
1676 1461 1788 1494 cum
1835 1446 1924 1494 ibi-

346 1529 459 1576 dem
494 1537 653 1577 essent
677 1529 774 1577 duo
810 1529 1139 1577 adulescentes
1169 1529 1267 1588 filii,
1288 1529 1371 1592 qui
1395 1537 1443 1577 et
1477 1529 1650 1576 sentire
1686 1536 1734 1576 et
1759 1527 1923 1576 defen-

346 1611 458 1658 dere
482 1610 616 1658 facile
640 1612 874 1674 possent?
911 1611 1030 1658 Erat
1052 1627 1198 1674 porro
1222 1626 1369 1659 nemo
1392 1611 1443 1658 in
1467 1626 1615 1674 quem
1638 1626 1697 1658 ea
1721 1610 1922 1673 suspitio
1945 1619 1997 1660 65

345 1694 635 1741 conveniret.
706 1692 899 1741 Tamen
934 1709 1047 1741 curn
1083 1693 1285 1756 planum
1318 1693 1556 1741 iudicibus
1594 1700 1719 1741 esset
1743 1692 1921 1740 factum

345 1783 513 1838 aperto
537 1776 661 1823 ostio
685 1775 965 1823 dormientis
995 1791 1081 1824 eos
1112 1784 1328 1839 repertos
1360 1791 1481 1834 esse,
1506 1775 1681 1823 iudicio
1714 1774 1922 1823 absoluti

344 1858 671 1907 adulescentes
694 1866 742 1906 et
766 1858 1029 1921 suspitione
1062 1859 1195 1907 omni
1230 1858 1415 1906 liberati
1440 1867 1581 1917 sunt;
1618 1873 1765 1906 nemo
1788 1858 1920 1906 enim

343 1938 543 2001 putabat
583 1952 883 2000 quemquam
920 1952 1025 1985 esse
1063 1937 1160 2000 qui,
1205 1953 1318 1984 cum
1359 1937 1525 1984 omnia
1567 1936 1727 1985 divina
1773 1945 1920 2001 atque

342 2019 555 2066 humana
591 2019 696 2066 iura
744 2019 922 2067 scelere
962 2018 1145 2067 nefario
1191 2018 1452 2082 polluisset,
1491 2033 1719 2067 somnum
1760 2019 1919 2067 statim

342 2116 515 2163 capere
537 2100 785 2164 potuisset,
806 2109 1061 2163 propterea
1083 2100 1230 2164 quod,
1257 2100 1339 2164 qui
1361 2108 1548 2148 tantum
1573 2100 1758 2148 facinus
1781 2116 1917 2148 eom-

340 2183 586 2243 miserunt,
614 2198 716 2231 non
754 2183 904 2231 modo
941 2183 1043 2231 sine
1082 2198 1195 2231 cura
1230 2183 1493 2246 quiescere,
1519 2182 1604 2230 sed
1638 2198 1700 2230 ne
1737 2183 1916 2246 spirare

340 2265 537 2328 quidem
567 2265 667 2314 sine
691 2274 823 2312 metu
848 2272 1063 2328 possunt.

791 2417 877 2457 look
894 2423 941 2457 at
957 2417 1167 2469 thefables
1185 2418 1237 2470 of
1243 2418 1311 2458 tlze
1320 2423 1434 2471 poets
1445 2431 1465 2467 ;

63 2527 218 2589 Fpurth
408 2524 507 2570 24.
531 2519 781 2568 Videtisne
798 2535 922 2583 quos
937 2521 1080 2567 nobis
1097 2525 1271 2582 poetae
1290 2519 1588 2567 tradiderunt
1605 2521 1752 2582 patris
1770 2520 1914 2569 ulcis·
1936 2530 1988 2568 66

62 2581 300 2632 d1gression.
339 2603 478 2649 cendi
494 2618 639 2650 causa
658 2602 943 2664 supplicium
962 2602 1022 2649 de
1036 2610 1190 2649 matre
1210 2602 1483 2664 sumpsisse,
1504 2618 1615 2649 cum
1634 2604 1915 2665 praesertim

340 2683 540 2731 deorum
558 2684 898 2731 immortalium
924 2684 1063 2731 iussis
1087 2692 1230 2745 atque
1253 2684 1459 2731 oraculis
1483 2684 1532 2731 id
1555 2684 1725 2731 fecisse
1750 2685 1914 2733 dican-

338 2772 427 2824 tur,
455 2773 618 2812 tamen
652 2773 704 2811 ut
728 2780 812 2812 eos
845 2765 1023 2827 agitent
1053 2764 1202 2811 furiae
1232 2779 1389 2827 neque
1425 2766 1682 2813 consistere
1707 2781 1911 2830 usquam

337 2844 591 2906 patiantur,
614 2843 746 2906 quod
770 2859 831 2891 ne
857 2843 924 2906 pii
949 2843 1144 2906 quidem
1169 2844 1270 2890 sine
1294 2843 1469 2891 scelere
1496 2859 1601 2891 esse
1625 2846 1908 2907 potuerunt?
