2060 3086
273 166 344 223 50
597 164 714 205 PRO
752 164 888 205 SEX.
927 162 1162 205 ROSCIO.
1238 153 1298 222 ᾗῤ
1324 162 1523 220 49-51‘·

275 299 386 348 Sex.
415 297 664 356 Roscium,
695 312 793 361 quo
818 295 975 345 studio
998 304 1045 344 et
1069 312 1166 359 qua
1190 295 1513 359 intellegentia
1536 311 1644 344 esse
1671 295 1723 344 in
1746 306 1851 344 rusa

274 382 377 430 ticis
412 381 586 429 rebus?
622 379 692 427 Ut
723 395 783 427 ex
817 378 890 427 his
916 378 1201 442 propinquis
1233 379 1347 438 eiUS,
1373 378 1649 427 hominibus
1673 378 1852 427 hones-

276 464 482 522 tissimis,
510 462 669 520 audio,
695 477 795 509 non
819 469 871 508 tu
894 461 943 506 in
968 460 1060 507 isto
1089 460 1291 508 artificio
1315 461 1612 509 accusatorio
1635 460 1854 511 callidior

276 562 328 594 es
368 560 516 607 quam
563 543 640 591 hic
689 544 738 590 in
788 558 889 590 suo.
961 541 1158 600 Verum,
1200 550 1253 589 ut
1293 542 1481 605 opinor,
1519 543 1752 606 quoniam
1787 543 1856 594 ita

278 627 601 690 Chrysogono
625 625 819 683 videtur,
847 625 928 688 qui
953 624 1063 672 huic
1097 624 1279 671 nullum
1306 624 1556 687 praedium
1580 624 1782 688 reliquit,
1809 632 1857 673 et

277 709 527 758 artificium
562 708 865 756 obliviscatur
907 714 955 754 et
996 706 1207 754 studium
1246 707 1459 769 deponat
1495 705 1688 767 licebit3
1722 706 1857 770 quod

277 791 466 839 tametsi
490 791 718 837 miserum
737 797 784 836 et
802 789 1055 851 indignum
1079 797 1163 847 est,
1182 789 1300 836 feret
1317 797 1480 836 tamen
1500 804 1657 852 aequo
1675 790 1855 847 animo,

279 874 470 930 iudices,
498 873 537 919 si
571 888 658 935 per
693 887 779 919 vos
808 872 953 918 vitam
988 879 1036 918 et
1071 871 1253 918 famam
1289 878 1449 934 potest
1484 872 1724 919 obtinere:
1762 872 1856 920 hoc

279 971 392 1004 vero
418 963 504 1013 est,
530 954 663 1017 quod
687 953 796 1000 ferri
821 969 922 1001 non
945 961 1119 1015 potest,
1149 953 1190 1001 si
1221 962 1270 1001 et
1301 954 1352 1000 in
1384 952 1510 1002 hanc
1536 953 1860 1002 calamitatem

278 1037 407 1084 venit
447 1044 642 1100 propter
682 1035 990 1098 praediorum
1025 1034 1290 1082 bonitatem
1328 1043 1376 1082 et
1409 1035 1760 1083 multitudinem
1797 1044 1858 1094 et,

281 1119 413 1181 quod
437 1134 494 1165 ea
518 1117 729 1165 studiose
755 1117 912 1175 coluit,
934 1117 983 1164 id
1008 1117 1096 1164 erit
1121 1117 1164 1164 ei
1188 1117 1399 1165 maxime
1423 1116 1591 1175 fraudi,
1610 1124 1664 1164 ut
1686 1131 1862 1180 parum

280 1200 501 1248 miseriae
540 1200 612 1256 sit,
648 1198 780 1262 quod
815 1200 918 1246 aliis
954 1199 1116 1258 coluit,
1153 1214 1255 1247 non
1291 1199 1393 1258 sibi,
1431 1199 1523 1247 nisi
1559 1199 1705 1248 etiam
1729 1198 1863 1263 quod

283 1283 481 1331 omnino
504 1281 650 1329 coluit
676 1281 859 1328 crimini
885 1280 1035 1329 fuerit.

332 1431 443 1470 How
460 1434 627 1480 strange
646 1434 684 1468 to
702 1434 777 1467 tax
795 1442 821 1468 a
842 1442 941 1467 man
960 1429 1064 1467 with
1085 1429 1351 1482 country-list
1370 1429 1419 1468 in
1438 1443 1465 1469 a
1483 1429 1815 1470 comnmnwealth
1859 1451 1861 1453 ·

793 1497 928 1536 which
949 1498 1076 1536 boasts
1094 1498 1146 1550 of
1153 1497 1349 1537 Atilius!

355 1609 452 1653 18.
491 1602 567 1651 Ne
592 1612 657 1661 tu,
683 1602 844 1661 Eruci,
867 1611 1118 1651 accusator
1142 1619 1272 1651 esses
1296 1604 1536 1662 ridiculus,
1563 1604 1604 1652 si
1626 1604 1718 1652 illis
1741 1613 1864 1654 tem·-
1886 1615 1942 1655 50

286 1687 483 1750 poribus
531 1695 671 1732 natus
720 1701 866 1743 esses,
913 1700 1025 1733 cum
1067 1687 1128 1733 ab
1169 1694 1326 1734 aratro
1370 1688 1736 1735 arcessebantur
1780 1687 1865 1751 qui

289 1768 509 1817 consules
533 1768 712 1814 fierent.
781 1767 977 1815 Etenim
1002 1769 1084 1829 qui
1108 1783 1329 1830 praeesse
1355 1784 1474 1830 agro
1499 1769 1706 1817 colendo
1730 1769 1867 1832 flagi-

289 1852 406 1897 tium
453 1858 607 1914 puteS,
657 1849 875 1912 profecto
923 1849 1057 1896 illum
1103 1850 1315 1908 Atilium,
1366 1866 1512 1914 quem
1572 1866 1658 1898 sua
1715 1866 1866 1899 manu

290 1940 595 1995 spargentem
627 1947 793 1978 semen
818 1931 899 1994 qui
923 1931 1055 1979 missi
1080 1940 1213 1979 erant
1240 1941 1583 1991 convenerunt,
1614 1933 1868 1981 hominem

291 2014 615 2076 turpissimum
641 2022 784 2076 atque
808 2014 1251 2061 inhonestissimum
1270 2015 1517 2063 iudicares.
1589 2015 1653 2063 At
1675 2015 1867 2064 hercule

291 2097 494 2143 maiores
519 2096 668 2143 nostri
693 2096 835 2158 longe
872 2097 1006 2143 aliter
1040 2105 1087 2144 et
1116 2097 1176 2144 de
1208 2097 1290 2145 illo
1321 2106 1368 2145 et
1397 2098 1458 2145 de
1494 2099 1663 2146 ceteris
1694 2098 1868 2146 talibus

291 2178 399 2225 viris
442 2178 809 2237 existimabant3
867 2178 1034 2240 itaque·
1068 2195 1127 2227 ex
1168 2180 1368 2228 minima
1409 2180 1782 2244 tenuissimaque
1817 2195 1869 2228 re

292 2260 483 2322 publica
524 2260 788 2306 maximam
834 2270 881 2307 et
928 2261 1315 2309 florentissimam
1359 2262 1501 2310 nobis
1543 2263 1867 2326 reliquerunt;

294 2357 405 2389 suos
448 2342 577 2389 enim
619 2358 762 2404 agros
805 2344 1014 2392 studiose
1054 2344 1290 2402 colebant,
1332 2360 1434 2392 non
1475 2345 1657 2393 alienos
1693 2344 1869 2407 cupide

294 2425 611 2486 appetebant:
649 2425 823 2486 quibus
859 2427 1000 2474 rebus
1032 2435 1078 2474 et
1112 2426 1238 2488 agris
1267 2435 1314 2474 et
1348 2427 1546 2476 urbibus
1581 2436 1628 2475 et
1664 2428 1869 2475 nationi·.

294 2507 382 2551 bus
406 2522 508 2552 rem
531 2507 774 2569 publicam
810 2516 951 2571 atque
977 2508 1069 2556 hoc
1095 2509 1350 2572 imperium
1385 2517 1433 2557 et
1466 2510 1631 2572 populi
1657 2509 1869 2557 Romani

296 2602 474 2634 nomen
499 2598 744 2636 auxerunt.
815 2589 988 2653 Neque
1025 2607 1117 2653 ego
1149 2590 1269 2639 haec
1301 2607 1361 2639 eo
1391 2591 1600 2654 profero,
1626 2607 1724 2655 quo
1749 2607 1869 2640 con-⁴
1891 2606 1943 2645 51

297 2668 492 2717 ferenda
528 2670 619 2718 sint
655 2686 766 2718 cum
801 2671 948 2730 hisce,
982 2672 1041 2720 de
1078 2674 1252 2735 quibus
1288 2689 1418 2722 nunc
1456 2675 1745 2736 quaerimus,
1784 2675 1870 2722 sed

297 2758 349 2796 ut
372 2750 487 2806 illud
520 2752 782 2815 intellegas,
810 2769 923 2801 curn
960 2755 1087 2817 apud
1124 2756 1330 2804 maiores
1355 2764 1548 2804 nostros
1584 2757 1762 2804 summi
1785 2756 1871 2803 viri

297 2831 635 2896 clarissimique
670 2833 906 2894 homines,
933 2837 1015 2900 qui
1053 2837 1186 2885 omni
1215 2845 1435 2901 tempore
1459 2838 1522 2886 ad
1544 2837 1871 2901 gubernacula
