2132 3094
319 199 387 255 7⁴0
618 198 738 238 PRO
774 198 912 241 SEX.
949 197 1183 238 ROSCIO.
1261 186 1320 255 ᾧῷ
1360 196 1590 254 97—100.

312 329 610 380 contendere
642 331 832 394 coe'git?
881 329 1021 389 Quae
1052 329 1313 377 necessitas
1337 343 1449 375 eum
1474 335 1608 376 tanta
1631 327 1895 391 premebat,

314 423 381 473 ut,
411 415 449 462 si
474 429 561 461 sua
593 422 768 477 sponte
798 414 887 462 iter
909 413 1158 460 Ameriam
1191 411 1381 471 faceret,
1406 411 1456 459 id
1479 411 1711 474 temporis
1736 410 1899 457 Roma

314 496 713 559 proficisceretur,
748 496 931 544 nullam
968 503 1155 558 partem
1191 495 1348 543 noctis
1391 494 1741 557 requiesceret?
1797 497 1897 543 3⁵.

316 579 544 626 Etiamne
575 579 625 626 in
650 587 749 626 tam
774 579 1037 641 perspicuis
1063 578 1211 625 rebus
1244 577 1596 640 argumentatio
1621 576 1899 639 quaerenda

316 669 399 709 aut
441 662 721 709 coniectura
762 661 1000 723 capienda
1045 661 1147 708 est?
1207 658 1389 707 Nonne
1427 659 1561 706 vobis
1602 658 1736 717 haec,
1773 674 1899 723 quae
1921 668 1975 707 98

315 742 528 801 audistis,
580 759 775 791 cernere
829 743 984 791 oculis
1031 742 1278 802 videmini,
1328 742 1544 790 iudices?
1608 740 1725 789 Non
1766 741 1900 790 illum

316 825 561 883 miserum,
598 825 820 886 ignarum
858 840 998 872 casus
1036 825 1123 883 sui,
1158 824 1444 873 redeuntem
1480 839 1510 871 a
1545 839 1667 872 cena
1698 823 1899 872 videtis?

318 907 436 955 Non
468 907 650 970 positas
686 908 915 955 insidias?
974 906 1093 955 Non
1123 907 1359 970 impetum
1388 906 1724 969 repentinum?
1783 905 1901 954 Non

279 990 284 995 ’
318 997 531 1037 versatur
556 997 665 1036 ante
702 989 869 1038 oculos
898 989 1035 1037 vobis
1071 990 1121 1038 in
1156 989 1306 1037 caede
1334 987 1568 1037 Glaucia?
1617 987 1733 1036 Non
1766 988 1903 1036 adest

318 1073 404 1119 iste
441 1071 504 1118 T.
542 1071 783 1120 Roscius?
839 1070 956 1119 Non
998 1072 1097 1119 suis
1134 1072 1361 1120 manibus
1402 1071 1452 1118 in
1496 1086 1641 1118 curru
1676 1071 1902 1119 conlocat

316 1154 734 1201 Automedontem
763 1154 914 1212 illum,
942 1154 1014 1201 sui
1051 1153 1235 1202 sceleris
1271 1154 1567 1201 acerbissimi
1599 1152 1903 1216 nefariaeque

316 1237 543 1284 victoriae
576 1237 834 1285 nuntium?
888 1236 1005 1284 Non
1036 1246 1141 1285 orat
1164 1245 1217 1284 ut
1249 1253 1359 1285 eam
1391 1244 1586 1286 noctem
1619 1235 1902 1300 pervigilet?

314 1318 385 1366 Ut
409 1318 610 1366 honoris
635 1319 708 1366 sui
734 1334 881 1367 causa
906 1319 1127 1367 laboret?
1181 1319 1250 1367 Ut
1267 1319 1494 1382 Capitoni
1520 1334 1666 1381 quam
1690 1318 1902 1382 primum

318 1401 505 1448 nuntiet
520 1402 537 1448 ?

314 1555 367 1593 ...Τ
361 1554 410 1593 he
415 1554 512 1606 fact
530 1555 623 1593 that
648 1554 716 1593 the
738 1555 864 1594 latter
882 1555 918 1593 z's
943 1568 1037 1594 now
1056 1555 1105 1594 in
1115 1555 1342 1607 possession
1367 1556 1421 1607 of
1435 1554 1547 1594 three
1566 1554 1619 1606 os
1630 1554 1696 1593 the
1701 1554 1838 1607 finest
1860 1554 1915 1605 of

426 1637 496 1674 my
523 1622 682 1662 client's
696 1623 842 1676 sarms
871 1623 908 1662 is
939 1624 1143 1677 sufficient
1162 1624 1295 1676 proof
1310 1624 1404 1662 that
1430 1623 1480 1663 he
1507 1636 1595 1662 was
1626 1623 1673 1662 in
1706 1622 1774 1662 the
1794 1622 1896 1674 plot.

424 1695 464 1732 A
470 1692 533 1731 nd
547 1692 614 1730 his
637 1692 833 1744 previous
861 1692 1074 1732 character
1101 1693 1137 1732 is
1165 1693 1279 1744 quite
1308 1692 1356 1731 in
1375 1692 1553 1744 keeping
1566 1691 1671 1730 with
1701 1691 1767 1730 the
1796 1690 1899 1730 idea.

424 1762 458 1800 l
478 1761 581 1800 have
604 1762 753 1813 plenty
784 1760 836 1812 of
859 1761 1106 1800 revelations
1138 1766 1176 1800 to
1216 1761 1332 1800 make
1365 1761 1490 1800 about
1521 1760 1627 1808 him,
1657 1760 1706 1813 if
1727 1760 1823 1810 only
1853 1759 1903 1799 he

423 1843 549 1868 comes
565 1829 769 1881 forward
791 1843 838 1868 as
866 1843 893 1868 a
919 1830 1100 1879 witness,
1122 1843 1169 1868 as
1197 1830 1246 1868 he
1275 1830 1353 1868 has
1380 1829 1448 1868 the
1477 1829 1715 1880 impudence
1743 1834 1782 1867 to
1800 1834 1901 1880 pro-

415 1903 512 1949 pose
531 1904 569 1937 to
597 1898 659 1946 do,
681 1898 1062 1950 notwithstanding
1085 1898 1177 1936 that
1195 1898 1233 1936 it
1260 1897 1297 1936 is
1315 1900 1511 1947 contrary
1531 1903 1569 1935 to
1597 1896 1665 1935 the
1690 1901 1842 1936 custom
1861 1897 1914 1949 of

424 1979 505 2005 our
530 1972 731 2006 ancestors
744 1966 826 2018 for
853 1980 879 2006 a
909 1980 1008 2005 man
1038 1972 1076 2006 to
1103 1966 1201 2018 give
1233 1966 1420 2005 evidence
1450 1966 1498 2004 in
1526 1978 1553 2004 a
1583 1969 1737 2004 matter
1763 1964 1901 2004 which

423 2048 614 2074 concerns
634 2035 814 2088 himself.

387 2131 521 2191 Quid
568 2142 669 2181 erat
717 2133 851 2196 quod
898 2133 1189 2197 Capitonem
1237 2133 1450 2196 primum
1503 2132 1620 2180 scire
1666 2131 1900 2180 voluerit?
1923 2144 1975 2180 99

316 2214 528 2262 Nescio:
590 2216 680 2263 nisi
726 2215 821 2264 hoc
868 2215 1020 2273 video,
1064 2216 1355 2279 Capitonem
1402 2216 1453 2263 in
1500 2215 1573 2262 his
1614 2215 1754 2262 bonis
1795 2229 1902 2263 esse

319 2297 528 2344 socium:
559 2297 619 2344 de
642 2299 795 2346 tribus
820 2307 867 2346 et
888 2299 1056 2346 decem
1080 2298 1242 2346 fundis
1264 2299 1350 2346 tris
1374 2297 1700 2345 nobilissimos
1725 2296 1902 2345 fundos

318 2395 431 2427 eum
460 2380 600 2427 video
637 2381 899 2443 possidere.
970 2381 1132 2429 Audio
1168 2389 1413 2445 praeterea
1447 2396 1549 2427 non
1589 2378 1714 2428 hanc
1750 2379 1900 2442 suspi-
1924 2385 2002 2423 100

318 2461 502 2509 tionem
526 2478 657 2509 nunc
682 2463 895 2525 primum
926 2463 976 2509 in
1002 2463 1294 2526 Capitonem
1323 2462 1529 2511 conferri
1544 2479 1556 2521 ;
1594 2462 1771 2509 multas
1794 2476 1899 2509 esse

319 2543 510 2590 infamis
546 2544 647 2592 eius
683 2545 896 2606 palmas:
944 2545 1072 2593 hanc
1109 2546 1317 2608 primam
1356 2560 1463 2592 esse
1500 2553 1663 2592 tamen
1702 2543 1899 2592 lemnis-

319 2634 491 2684 catam,
534 2642 658 2689 quae
702 2626 865 2675 Roma
906 2628 955 2674 ei
989 2627 1253 2687 deferatur;
1312 2627 1496 2675 nullum
1543 2626 1746 2673 modum
1792 2641 1898 2674 esse

321 2706 530 2755 hominis
558 2709 812 2757 occidendi
848 2725 945 2772 quo
982 2710 1060 2756 ille
1096 2725 1197 2757 non
1234 2709 1417 2771 aliquot
1452 2708 1696 2764 occiderit,
1721 2707 1899 2756 multos

321 2788 460 2847 ferro,
499 2790 675 2837 multos
710 2806 927 2850 veneno;
975 2791 1133 2839 habeo
1170 2792 1317 2838 etiam
1353 2790 1509 2838 dicere
1545 2805 1692 2853 quem
1729 2798 1898 2837 contra

321 2885 508 2918 morem
531 2872 769 2919 maiorum
793 2873 1031 2920 minorem
1057 2873 1196 2920 annis
1221 2890 1283 2921 Lx
1309 2872 1368 2922 de
1386 2879 1535 2939 ponte
1562 2868 1635 2938 [in
1653 2866 1895 2936 Tiberim]
