2060 3086
269 182 341 231 40
595 177 712 216 PRo
749 176 886 217 SEX.
924 176 1156 216 ROSCIO.
1234 164 1295 233 ξς»
1328 165 1520 218 18—21.

272 309 383 358 Sex.
433 308 640 357 Roscius
698 317 824 357 esset
871 308 1112 367 Ameriae,
1165 308 1228 355 T.
1277 314 1439 355 autem
1493 307 1582 355 iste
1639 306 1849 356 Roscius

271 392 462 440 Romae
475 407 488 451 3
526 407 638 439 cum
662 391 740 439 hic
765 391 887 438 filius
911 391 1140 439 adsiduus
1163 390 1212 436 in
1236 389 1446 452 praediis
1479 397 1606 438 esset
1639 404 1848 453 cumque

270 491 322 522 se
345 474 590 523 voluntate
626 474 775 537 patris
812 473 879 520 rei
912 472 1129 520 familiari
1154 472 1374 535 vitaeque
1397 472 1601 520 rusticae
1625 471 1848 529 dedisset,

268 557 356 604 iste
398 565 559 604 autem
601 555 825 619 frequens
864 554 1055 602 Romae
1099 561 1237 613 esset,
1276 554 1509 602 occiditur
1551 553 1612 601 ad
1652 553 1850 601 balneas

270 638 519 687 Palacinas
542 638 732 686 rediens
757 654 786 685 a
808 653 929 685 cena
956 636 1064 684 Sex.
1093 635 1329 685 Roscius:
1369 651 1512 699 spero
1538 652 1598 684 ex
1621 635 1717 684 hoc
1740 636 1849 698 ipso

269 736 372 768 non
396 735 501 768 esse
534 721 809 778 obscurum,
835 718 897 766 ad
922 734 1068 781 quem
1102 718 1301 781 suspitio
1334 718 1555 766 maleficii
1587 718 1847 780 pertineat;

268 819 435 851 verum
459 803 521 861 id,
548 801 681 865 quod
703 802 861 849 adhuc
886 809 958 849 est
982 801 1306 863 suspitiosum,
1326 801 1418 848 nisi
1442 801 1751 864 perspicuum
1774 814 1849 847 res

269 886 374 948 ipsa
398 884 576 942 fecerit,
604 883 732 931 hunc
757 883 967 930 adfinem
991 882 1161 945 culpae
1184 882 1457 931 iudicatote.
1530 882 1710 931 Occiso
1738 881 1848 930 Sex.
1876 889 1922 925 19

269 966 450 1015 Roscio
482 966 665 1029 primus
689 964 938 1012 Ameriam
971 965 1158 1012 nuntiat
1183 963 1381 1012 Mallius
1407 964 1611 1012 Glaucia
1638 964 1849 1026 quidam,

267 1050 418 1097 homo
453 1048 621 1106 tenuis,
646 1047 911 1106 libertinus,
937 1047 1087 1095 cliens
1123 1055 1170 1095 et
1206 1047 1450 1094 familiaris
1486 1047 1619 1094 istius
1657 1045 1721 1093 T.
1749 1045 1851 1092 Ro-

271 1132 368 1190 scii,
394 1139 441 1179 et
464 1130 652 1178 nuntiat
677 1129 878 1177 domum
903 1145 1003 1177 non
1028 1129 1125 1189 filii,
1154 1130 1239 1177 sed
1264 1129 1326 1178 T.
1356 1129 1610 1192 Capitonis
1642 1127 1848 1185 inimici;

269 1222 315 1262 et
356 1229 467 1261 cum
503 1220 611 1275 post
646 1212 817 1259 horam
853 1212 1060 1275 primam
1097 1212 1254 1260 noctis
1289 1212 1480 1260 occisus
1516 1218 1655 1270 esset,
1692 1210 1850 1274 primo

267 1296 476 1343 diluculo
502 1295 694 1342 nuntius
722 1294 799 1343 hic
824 1294 1073 1341 Ameriam
1099 1295 1259 1342 venit:
1298 1294 1467 1342 decem
1492 1293 1623 1341 horis
1655 1301 1850 1341 noctur-

265 1378 341 1426 nis
382 1394 467 1426 sex
506 1385 551 1425 et
587 1377 935 1440 quinquaginta
973 1377 1104 1425 milia
1141 1392 1374 1439 passuum
1411 1377 1538 1424 cisiis
1572 1375 1848 1439 pervolavit,

267 1476 369 1508 non
393 1459 544 1507 modo
567 1467 620 1507 ut
643 1466 926 1521 exoptatum
949 1459 1147 1507 inimico
1171 1459 1394 1506 nuntium
1417 1459 1605 1522 primus
1629 1457 1847 1515 adferret,

267 1542 353 1590 sed
377 1542 522 1589 etiam
556 1555 776 1588 cruorem
808 1540 988 1588 inimici
1013 1556 1162 1604 quam
1186 1541 1569 1589 recentissimum
1601 1540 1849 1603 telumque

266 1624 409 1687 paulo
444 1632 554 1671 ante
589 1639 615 1671 e
651 1638 854 1685 corpore
887 1632 1154 1671 extractum
1185 1623 1474 1672 ostenderet.
1547 1622 1846 1682 Quadriduo,
1872 1628 1924 1666 20

207 1706 209 1708 ’
267 1722 365 1769 quo
404 1706 522 1753 haec
564 1715 701 1768 gesta
743 1713 870 1764 sunt,
897 1721 971 1753 res
1007 1705 1071 1753 ad
1101 1705 1478 1768 Chrysogonum
1513 1706 1563 1752 in
1599 1712 1754 1753 castra
1789 1703 1845 1752 L.

270 1789 427 1836 Sullae
451 1787 729 1836 Volaterras
765 1786 973 1836 defertur
988 1803 1001 1847 3
1051 1788 1339 1849 magnitudo
1374 1788 1609 1851 pecuniae
1646 1787 1848 1835 demon-

268 1878 443 1918 stratur
459 1886 470 1928 ;
524 1870 716 1918 bonitas
759 1869 1077 1932 praediorum,
1115 1885 1230 1917 nam
1265 1869 1443 1918 fundos
1479 1870 1650 1918 decem
1684 1877 1732 1917 et
1766 1870 1848 1917 tris

268 1953 468 2015 reliquit,
496 1953 578 2015 qui
603 1952 822 2000 Tiberim
847 1951 945 2000 fere
979 1968 1151 2000 omnes
1183 1961 1402 2015 tangunt,
1428 1953 1570 2001 huius
1603 1953 1769 2015 inopia
1802 1961 1848 2000 et

268 2035 476 2083 solitudo
503 2043 911 2082 commemoratur
926 2050 939 2093 ;
977 2034 1325 2092 demonstrant,
1351 2050 1463 2083 cum
1489 2043 1627 2098 pater
1650 2035 1847 2083 huiusce

270 2117 377 2165 Sex.
422 2116 629 2164 Roscius
669 2116 820 2164 homo
859 2123 960 2164 tam
1008 2116 1290 2180 splendidus
1337 2125 1383 2164 et
1430 2118 1667 2180 gratiosus
1713 2117 1847 2165 nullo

268 2199 465 2262 negotio
492 2199 550 2246 sit
583 2199 787 2256 occisus,
817 2199 1042 2262 perfacile
1075 2198 1205 2246 hunc
1237 2199 1488 2246 hominem
1518 2200 1765 2247 incautum
1799 2208 1847 2247 et

268 2283 499 2329 rusticum
537 2289 583 2329 et
621 2281 811 2328 Romae
854 2281 1077 2343 ignotum
1115 2281 1174 2329 de
1217 2282 1381 2329 medio
1422 2282 1523 2328 tolli
1558 2297 1729 2344 posse;
1784 2282 1848 2329 ad

268 2379 376 2411 eam
410 2380 513 2411 rem
546 2379 743 2426 operam
780 2379 920 2411 suam
952 2364 1248 2426 pollicentur.
1319 2362 1396 2411 Ne
1428 2363 1602 2411 diutius
1637 2371 1845 2422 teneam,

266 2445 462 2504 iudices,
491 2447 694 2494 societas
723 2447 888 2494 coitur.
963 2450 1017 2495 8.
1057 2446 1184 2494 Cum
1211 2446 1341 2494 nulla
1364 2446 1462 2493 iam
1487 2446 1847 2510 proscriptionis
1870 2454 1922 2493 21

267 2529 449 2575 mentio
474 2529 620 2587 fieret,
646 2544 757 2577 cum
790 2530 933 2576 etiam
959 2529 1042 2592 qui
1074 2537 1217 2576 antea
1250 2537 1518 2576 metuerant
1552 2529 1759 2576 redirent
1789 2545 1847 2576 ac

267 2609 365 2656 iam
389 2610 639 2658 defunctos
669 2626 773 2658 sese
806 2612 1026 2673 periculis
1059 2612 1412 2670 arbitrarentur,
1438 2626 1619 2659 nomen
1649 2611 1848 2660 refertur

266 2692 317 2739 in
353 2691 536 2739 tabulas
578 2691 687 2739 Sex.
726 2691 906 2750 Roscii,
944 2693 1153 2741 hominis
1189 2693 1522 2742 studiosissimi
1558 2695 1845 2753 nobilitatis;

267 2788 498 2835 manceps
541 2774 593 2820 fit
633 2774 1009 2837 Chrysogonus;
1062 2775 1152 2822 tria
1188 2776 1384 2838 praedia
1425 2776 1500 2823 vel
1547 2776 1846 2823 nobilissima

269 2854 494 2918 Capitoni
527 2857 721 2918 propria
751 2857 1014 2916 traduntur,
1040 2873 1163 2920 quae
1202 2857 1344 2905 hodie
1376 2858 1618 2923 possidet;
1655 2858 1706 2905 in
1737 2857 1844 2905 reli-
