2132 3094
551 193 670 236 PRO
708 197 839 238 SEX.
880 196 1110 237 ROSCIO.
1189 184 1256 253 ἕξ
1288 158 1578 254 132-136.Ιὶ
1767 185 1831 253 83

164 338 241 378 133
262 328 432 377 audire
467 328 688 376 nuntium
723 337 938 391 possunt.
1006 325 1141 375 Alter
1169 328 1254 375 tibi
1287 328 1533 376 descendit
1561 327 1621 375 de
1650 327 1833 375 Palatio

261 418 311 459 et
356 410 556 458 aedibus
603 411 724 458 suis:
783 411 927 458 habet
976 410 1123 458 animi
1167 424 1313 457 causa
1360 425 1441 457 rus
1489 425 1746 457 amoenum
1790 416 1835 456 et

261 492 608 550 suburbanum,
634 492 771 554 plura
801 499 1042 554 praeterea
1074 491 1273 553 praedia
1305 506 1461 552 neque
1494 500 1657 537 tamen
1684 490 1834 536 ullum

263 573 355 620 'nisi
409 573 710 635 praeclarum
764 581 810 620 et
853 573 1180 635 propinquum
1197 584 1210 630 ;
1269 571 1447 620 domus
1497 571 1666 619 referta
1712 571 1835 617 vasis

262 653 523 702 Corinthiis
561 662 608 702 et
643 654 864 712 Deliacis,
899 654 949 701 in
986 655 1161 716 quibus
1194 661 1266 701 est
1298 653 1531 715 authepsa
1566 653 1656 708 illa,
1690 665 1837 715 quam

260 744 399 783 tanto
422 734 574 798 pretio
599 751 753 798 nuper
777 744 1016 784 mercatus
1048 743 1134 794 est,
1155 743 1209 782 ut
1231 735 1314 797 qui
1338 743 1694 797 praetereuntes
1719 734 1836 796 quid

262 832 440 882 praeco
494 825 797 865 enumeraret
849 818 1122 875 audiebant,
1172 817 1376 864 fundum
1422 817 1583 864 venire
1641 816 1836 863 arbitra-

264 908 442 948 rentur.
512 898 647 957 Quid
687 907 932 961 praeterea
979 898 1149 946 caelati
1195 899 1393 961 argenti,
1436 898 1552 961 quid
1599 897 1836 959 stragulae

259 981 424 1040 vestis,
467 980 584 1043 quid
630 982 868 1043 pictarum
911 981 1197 1038 tabularum,
1243 980 1358 1042 quid
1411 981 1676 1042 signorum,
1721 980 1836 1042 quid

266 1063 519 1110 marmoris
542 1062 672 1125 apud
696 1062 829 1109 illum
851 1062 1027 1124 putatis
1051 1063 1187 1110 esse?
1230 1062 1447 1110 Tantum
1471 1063 1661 1120 scilicet,
1685 1077 1839 1124 quan—

260 1152 367 1192 ‘tum
408 1161 435 1192 e
471 1144 630 1190 multis
672 1143 1031 1206 splendidisque
1072 1143 1262 1192 familiis
1302 1144 1353 1191 in
1393 1145 1531 1192 turba
1567 1153 1615 1192 et
1657 1144 1838 1207 rapinis

263 1226 537 1275 coacervari
564 1241 660 1272 una
694 1226 746 1272 in
777 1225 927 1273 domo
959 1225 1124 1287 potuit.
1195 1225 1447 1273 Familiam
1470 1242 1584 1274 vero
1608 1233 1840 1288 quantam

263 1315 314 1356 et
355 1323 503 1371 quam
544 1307 682 1354 variis
725 1321 837 1354 cum
883 1306 1090 1355 artificiis
1138 1307 1313 1354 habeat
1353 1308 1470 1370 quid
1513 1323 1605 1369 ego
1648 1308 1839 1356 dicam?

166 1393 242 1431 134
259 1389 411 1437 *Mitto
450 1388 596 1436 hasce
639 1389 750 1436 artis
787 1388 1009 1450 volgaris,
1047 1404 1246 1452 coquos,
1284 1388 1501 1452 pistores,
1545 1390 1837 1438 lecticarios:

264 1470 414 1520 animi
448 1478 498 1517 et
533 1470 720 1517 aurium
761 1485 907 1516 causa
942 1477 1012 1517 tot
1047 1469 1270 1518 homines
1311 1470 1469 1531 habet,
1509 1479 1561 1518 ut
1597 1472 1839 1520 cotidiano

262 1561 411 1602 cantu
437 1567 612 1600 vocum
647 1559 693 1598 et
725 1566 980 1598 nervorum
1015 1558 1063 1598 et
1093 1552 1317 1599 tibiarum
1349 1554 1692 1616 nocturnisque
1723 1570 1841 1602 con-

260 1635 396 1683 viviis
430 1642 530 1682 tota
564 1633 778 1681 vicinitas
811 1640 1048 1695 personet.
1127 1633 1187 1680 In
1222 1633 1313 1681 hac
1347 1634 1457 1694 vita,
1495 1635 1686 1692 iudices,
1718 1651 1840 1698 quos

266 1726 485 1779 sumptus
528 1714 806 1771 cotidianos,
840 1728 962 1776 quas
1003 1714 1263 1762 effusiones
1303 1715 1405 1763 fieri
1439 1717 1650 1778 putatis?
1701 1715 1840 1773 Quae

265 1814 378 1847 vero
412 1797 660 1846 convivia?
721 1794 961 1854 Honesta,
999 1795 1160 1854 credo,
1197 1797 1249 1843 in
1287 1798 1390 1844 eius
1431 1798 1565 1845 modi
1603 1799 1763 1856 domo,
1803 1798 1841 1844 si

264 1880 441 1928 domus
474 1878 596 1926 haec
625 1877 850 1925 habenda
885 1886 957 1924 est
990 1878 1153 1940 potius
1189 1893 1337 1941 quam
1373 1880 1566 1927 officina
1599 1880 1839 1942 nequitiae

167 1973 243 2014 135
266 1970 312 2011 et
337 1961 661 2010 deversorium
692 1959 983 2020 flagitiorum
1011 1960 1245 2008 omnium.
1316 1961 1569 2024 Ipsevero
1599 1977 1744 2023 quem
1778 1961 1841 2009 ad

265 2044 469 2093 modum
500 2042 770 2105 composito
805 2049 853 2088 et
885 2041 1098 2089 delibuto
1134 2043 1307 2105 capillo
1341 2044 1524 2106 passim
1559 2059 1646 2105 per
1680 2043 1840 2090 forum

260 2126 430 2175 volitet
473 2139 587 2172 cum
634 2138 812 2184 magna
859 2131 1047 2170 caterva
1092 2131 1368 2186 togatorum
1415 2125 1597 2182 videtis,
1618 2180 1620 2182 ¹
1645 2124 1838 2181 iudices,

267 2205 434 2277 [etiam
467 2205 648 2263 videtis,
684 2201 903 2270 iudiceS,]
941 2212 994 2252 ut
1029 2206 1186 2252 omnis
1222 2206 1466 2269 despiciat,
1505 2214 1556 2253 ut
1591 2207 1840 2254 hominem

263 2305 380 2352 prae
415 2304 466 2337 se
501 2288 745 2336 neminem
780 2295 925 2350 putet,
957 2295 1010 2333 ut
1043 2302 1093 2334 se
1129 2287 1286 2335 solum
1317 2288 1527 2345 beatum,
1559 2288 1718 2335 solum
1753 2303 1840 2350 po-

265 2379 448 2418 tentem
470 2376 609 2432 putet
625 2385 636 2428 ;
674 2384 797 2431 quae
823 2384 932 2416 vero
961 2366 1134 2415 efficiat
1164 2376 1213 2416 et
1237 2385 1362 2432 quae
1394 2378 1606 2426 conetur,
1636 2370 1675 2415 si
1700 2370 1840 2417 velim

266 2467 663 2510 commemorare,
678 2465 858 2508 vereor,
878 2450 1073 2508 iudices,
1099 2466 1160 2497 ne
1185 2450 1290 2513 quis
1315 2451 1576 2513 imperitior
1600 2444 1839 2499 existimet

265 2550 346 2582 me
399 2548 596 2581 causam
649 2532 907 2579 nobilitatis
954 2531 1299 2595 victoriamque
1353 2532 1560 2580 voluisse
1618 2522 1836 2580 laedere:

263 2615 455 2664 tametsi
484 2628 597 2661 meo
628 2614 728 2659 iure
758 2628 970 2675 possum,
1000 2613 1039 2659 si
1070 2612 1187 2675 quid
1219 2614 1269 2659 in
1301 2613 1392 2660 hac
1426 2621 1558 2675 parte
1587 2614 1703 2661 mihi
1736 2630 1839 2662 non

265 2698 455 2762 placeat
477 2697 741 2758 vituperare
757 2711 770 2754 ς
806 2710 906 2743 non
937 2695 1066 2741 enim
1097 2710 1264 2743 vereor
1287 2711 1349 2744 ne
1382 2697 1488 2758 quis
1522 2695 1732 2743 alienum
1759 2712 1838 2744 me

166 2791 242 2830 136
266 2779 482 2828 animum
507 2777 729 2824 habuisse
748 2793 777 2824 a
795 2793 940 2825 causa
959 2777 1217 2825 nobilitatis
1236 2779 1486 2826 existimet.
1539 2783 1638 2830 4⁷.
1673 2779 1838 2827 Sciunt

258 2863 324 2922 ei,
337 2861 418 2926 qui
436 2876 513 2908 me
530 2868 719 2919 norunt,
734 2874 813 2908 me
828 2875 917 2923 pro
932 2875 1042 2907 mea
1055 2861 1188 2908 tenui
1205 2860 1490 2925 infirmaque
1507 2870 1653 2924 parte,
1671 2869 1839 2923 postea

1011 2958 1040 2991 F
1068 2958 1090 2989 2
