2132 3094
304 167 370 221 82
583 177 701 218 PRO
727 177 874 219 SEX.
913 177 1150 219 ROSCIO.
1229 165 1294 235 ξς
1329 181 1448 235 131,
1475 181 1599 236 132.

299 311 573 374 praeteriri?
623 310 739 359 Non
764 310 935 374 placet,
962 309 1159 370 iudices,
1186 309 1272 358 sed
1305 326 1501 359 necesse
1534 318 1619 359 est.
1686 307 1886 358 Etenim

301 394 341 441 si
371 393 588 455 Iuppiter
620 393 832 455 optimus
867 393 1124 451 maximus,
1150 393 1284 440 cuius
1320 401 1441 440 nutu
1474 401 1522 442 et
1552 392 1748 440 arbitrio
1776 406 1886 439 cae-

300 476 416 533 lum,
434 484 555 522 terra
573 475 820 538 mariaque
845 483 1093 537 reguntur,
1114 489 1259 537 saepe
1276 475 1429 523 ventis
1448 473 1888 523 vehementioribus

303 566 384 605 aut
421 557 753 605 immoderatis
790 557 1156 619 tempestatibus
1199 565 1281 604 aut
1315 557 1468 605 nimio
1504 557 1659 606 calore
1695 563 1778 604 aut
1813 555 1888 602 in-

302 639 539 687 tolerabili
575 639 751 701 frigore
792 639 1069 687 hominibus
1114 639 1296 697 nocuit,
1333 639 1464 687 urbis
1506 638 1690 696 delevit,
1726 637 1886 700 fruges

302 721 523 784 perdidit,
552 736 761 783 quorum
797 720 914 768 nihil
950 721 1148 783 pernicii
1183 736 1333 769 causa
1365 721 1527 768 divino
1560 720 1774 779 consilio,
1800 717 1889 768 sed

302 806 348 854 vi
381 806 488 868 ipsa
522 813 568 852 et
601 804 937 866 magnitudine
971 819 1133 852 rerum
1164 804 1345 851 factum
1376 812 1618 867 putamus,
1645 810 1695 852 at
1719 810 1891 851 contra

304 887 565 939 commoda
597 887 772 948 quibus
808 886 984 934 utimur
1011 886 1268 949 lucemque
1299 902 1395 950 qua
1423 886 1623 934 fruimur
1651 885 1890 948 spiritum*

305 986 398 1033 que
424 985 569 1032 quem
605 969 827 1017 ducimus
861 969 924 1015 ab
953 984 1014 1017 eo
1045 969 1187 1016 nobis
1212 969 1312 1017 dari
1337 977 1481 1032 atque
1507 967 1734 1031 impertiri
1757 967 1891 1015 vide-2

305 1068 428 1109 mus,
464 1051 581 1114 quid
615 1051 846 1099 miramur
880 1050 937 1098 L.
965 1049 1163 1111 Sullam,
1198 1066 1311 1101 cum
1347 1051 1477 1099 solus
1509 1065 1614 1098 rem
1648 1049 1893 1113 publicam

305 1143 491 1198 regeret
515 1134 780 1195 orbemque
814 1141 1048 1181 terrarum
1081 1135 1369 1197 gubernaret
1399 1133 1686 1196 imperiique
1718 1131 1902 1180 maios-t

306 1224 468 1273 tatem,
495 1231 643 1278 quam
679 1216 824 1264 armis
859 1225 1119 1278 receperat,
1155 1215 1342 1278 legibus
1379 1215 1696 1273 confirmaret,
1731 1213 1894 1276 aliqua

307 1298 685 1345 animadvertere
711 1314 811 1346 non
831 1299 1077 1362 potuisse?
1115 1297 1224 1345 Nisi
1247 1298 1340 1346 hoc
1363 1298 1540 1344 mirum
1563 1304 1650 1354 est,
1670 1294 1803 1360 quod
1820 1295 1892 1344 vis

309 1380 469 1428 divina
493 1380 694 1444 adsequi
718 1396 819 1428 non
843 1381 1010 1445 possit,
1037 1381 1076 1429 si
1109 1380 1160 1428 id
1189 1395 1326 1428 mens
1355 1379 1569 1427 humana
1592 1378 1767 1443 adepta
1789 1392 1894 1427 non

309 1463 381 1510 sit.
447 1462 632 1510 Verum
656 1472 707 1510 ut
731 1463 851 1511 haec
876 1464 1023 1511 missa
1047 1463 1237 1522 faciam,
1263 1478 1386 1526 quae
1410 1463 1507 1510 iam
1531 1461 1656 1510 sacta
1680 1469 1806 1520 sunt,
1831 1476 1892 1508 ex
1916 1469 1992 1507 132

310 1546 392 1602 eis,
432 1561 557 1607 quae
596 1561 727 1593 nunc
770 1561 882 1594 cum
918 1546 1131 1593 maxime
1170 1546 1303 1604 fiunt,
1346 1561 1506 1593 nonne
1542 1545 1696 1607 quivis
1732 1551 1894 1607 potest

308 1628 589 1690 intellegere
626 1628 844 1676 omnium
887 1628 1201 1675 architectum
1237 1636 1283 1675 et
1319 1627 1699 1675 machinatorem
1739 1641 1893 1675 unum

310 1725 416 1757 esse
453 1709 847 1772 Chrysogonum,
886 1710 970 1773 qui
1010 1709 1119 1759 Sex.
1159 1709 1325 1758 Roscii
1362 1724 1543 1757 nomen
1580 1708 1895 1759 deferendum

310 1793 489 1840 curavit
532 1789 647 1859 [hoc
684 1789 956 1859 iudicium],
986 1793 1123 1840 cuius
1160 1792 1358 1841 honoris
1395 1807 1541 1840 causa
1583 1806 1806 1840 accusare
1843 1806 1895 1840 se

311 1875 430 1922 dixit
454 1874 691 1924 Erucius?

310 2048 418 2087 Look
443 2054 488 2087 at
514 2048 580 2087 the
600 2048 750 2087 wealth
775 2047 867 2087 and
886 2049 1048 2099 luxury
1066 2048 1119 2101 of
1130 2047 1427 2099 Chrysogonus,
1446 2047 1513 2087 his
1531 2047 1791 2100 dz‘ssipation,
1810 2045 1903 2086 and

419 2117 485 2156 the
504 2116 595 2155 airs
613 2117 679 2156 the
697 2123 883 2156 creature
895 2118 1012 2168 gives
1030 2117 1207 2169 himself
1257 2118 1290 2156 I
1301 2130 1374 2167 say
1394 2117 1573 2169 nothing
1586 2130 1633 2156 as
1650 2122 1690 2156 to
1708 2116 1775 2154 his
1793 2119 1899 2154 acts:

419 2185 586 2236 though,
620 2186 784 2237 having
798 2185 1017 2238 savoured
1043 2185 1109 2224 the
1146 2199 1262 2224 cause
1299 2185 1350 2237 of
1377 2186 1443 2225 the
1481 2186 1656 2236 nobility
1684 2184 1841 2236 myself,
1871 2183 1905 2222 I

421 2253 562 2292 would
583 2254 687 2293 have
707 2268 734 2292 a
753 2254 872 2305 right
898 2259 937 2293 to
965 2253 1095 2293 blame
1123 2267 1195 2294 one
1225 2254 1316 2302 who
1347 2253 1383 2292 is
1401 2267 1427 2292 a
1448 2253 1527 2292 blot
1553 2267 1605 2292 on
1635 2253 1682 2294 it.
1739 2254 1784 2292 It
1811 2265 1899 2291 was

419 2326 492 2360 not
522 2326 562 2361 to
592 2335 730 2361 secure
762 2323 829 2361 the
859 2322 1050 2374 triumph
1083 2322 1135 2375 of
1154 2322 1253 2361 such
1281 2335 1327 2361 as
1361 2322 1409 2362 he
1437 2322 1530 2361 that
1561 2322 1628 2362 the
1659 2321 1779 2361 battle
1812 2331 1899 2360 was

410 2390 564 2441 fhught
580 2390 672 2430 and
685 2391 752 2430 the
770 2392 926 2442 victory
945 2404 1052 2433 won.

855 2518 1044 2566 Desunt
1074 2536 1165 2570 non
1189 2529 1364 2582 pauca.

317 2596 339 2620 '³‘
365 2596 387 2621 ’⁸‘
409 2599 458 2645 in
484 2601 589 2648 vico
614 2601 856 2649 Pallacine
883 2598 907 2625 *
932 2598 956 2625 *
982 2602 1196 2648 maxime
1222 2602 1390 2648 metuit
1413 2599 1436 2626 *
1462 2600 1484 2626 *
1508 2602 1558 2648 in
1573 2601 1898 2649 Veientanam

318 2678 340 2702 *
363 2678 385 2703 *
409 2696 557 2728 manu
575 2683 772 2745 praedia
789 2683 996 2745 praediis
1018 2680 1042 2707 *
1067 2680 1090 2707 *
1113 2683 1191 2731 hic
1211 2699 1304 2746 ego
1329 2684 1495 2731 audire
1514 2684 1632 2731 istos
1652 2685 1799 2747 cupio
1822 2682 1846 2707 *
1871 2679 1895 2707 *

314 2768 414 2815 46.
445 2771 609 2824 aptam
638 2772 684 2812 et
707 2764 891 2812 ratione
916 2765 1198 2829 dispositam
1225 2781 1277 2822 se,
1299 2765 1475 2813 habere
1501 2766 1791 2825 existimant,
1816 2765 1899 2828 qui

315 2845 366 2894 in
400 2845 658 2893 Salentinis
690 2854 771 2894 aut
800 2846 850 2894 in
878 2846 1072 2895 Bruttiis
1104 2846 1299 2907 habent,
1325 2848 1454 2895 unde
1478 2849 1556 2897 vix
1587 2856 1659 2896 ter
1689 2848 1739 2907 in
1767 2862 1898 2896 anno
