2132 3094
286 210 358 263 90
573 204 692 246 PRO
733 205 868 247 SEX.
910 198 1144 246 ROSCIO.
1221 194 1281 262 ἕξ
1308 202 1582 260 151-154,

286 336 349 384 de
373 335 635 399 improviso
671 336 916 385 incidant:
951 336 1005 384 ni
1034 337 1212 384 mirum
1234 331 1451 384 similiter
1471 336 1772 386 arbitrantur
1794 336 1871 386 isti

287 421 532 467 bonorum
569 428 815 482 emptores
848 434 935 468 vos
969 419 1061 478 hic,
1097 419 1203 467 talis
1243 419 1385 478 viros,
1422 419 1602 479 sedere,
1628 420 1711 483 qui
1740 420 1871 469 exci—

287 502 429 564 piatis
455 515 553 561 eos,
575 501 659 564 qui
682 501 744 549 de
768 502 866 549 suis
889 502 1118 549 manibus
1141 500 1409 563 effugerint.
1475 500 1545 548 Di
1569 501 1870 565 prohibeant,

287 584 486 644 iudices,
507 592 563 631 ut
596 582 705 642 hoc,
729 584 865 647 quod
899 584 1112 632 maiores
1148 583 1404 632 consilium
1438 580 1686 646 publicum
1709 583 1871 633 vocari

288 666 554 725 voluerunt,
602 667 894 730 praesidium
926 674 1184 714 sectorum
1229 665 1540 714 existimetur.
1614 665 1695 714 An
1741 681 1870 725 vero,
1896 676 1974 714 152

289 750 485 808 iudices,
519 764 607 797 vos
645 765 747 797 non
780 748 1053 811 intellegitis
1087 748 1205 795 nihil
1241 748 1373 796 aliud
1410 749 1502 810 agi,
1538 747 1631 796 nisi
1667 757 1720 796 ut
1757 764 1873 812 pro-

289 832 577 894 scriptorum
596 830 732 878 liberi
751 830 919 893 quavis
938 830 1122 878 ratione
1141 830 1383 888 tollantur,
1404 838 1450 877 et
1469 831 1570 878 eius
1594 830 1662 878 rei
1686 830 1873 877 initium

290 914 340 960 in
386 922 548 961 vestro
597 912 698 959 iure
745 912 950 959 iurando
997 920 1142 974 atque
1188 912 1240 959 in
1290 912 1401 960 Sex.
1444 911 1613 960 Roscii
1658 911 1873 976 periculo

288 995 488 1058 quaeri?
526 993 808 1042 Dubiumne
832 1001 906 1041 est
931 993 994 1041 ad
1017 1009 1165 1056 quem
1184 993 1475 1042 maleficium
1495 995 1743 1056 pertineat,
1761 1009 1874 1042 cum

290 1075 491 1123 videatis
516 1091 577 1123 ex
604 1075 752 1124 altera
775 1083 910 1139 parte
935 1084 1188 1134 sectorem,
1215 1076 1480 1134 inimicum,
1507 1075 1733 1124 sicarium
1752 1092 1876 1124 eun·
1915 1131 1932 1139 -

290 1159 499 1221 demque
525 1166 858 1211 accusatorem
891 1157 987 1206 hoc
1022 1165 1256 1221 tempore,
1284 1174 1346 1206 ex
1378 1158 1528 1206 altera
1556 1165 1695 1221 parte
1727 1174 1874 1221 egen-

291 1251 403 1299 tem,
436 1240 694 1303 probatum
729 1241 828 1288 suis
852 1240 1019 1299 filium,
1045 1240 1095 1287 in
1127 1256 1226 1303 quo
1250 1256 1352 1289 non
1377 1240 1526 1288 modo
1560 1240 1702 1304 culpa
1727 1240 1872 1300 nulla,

292 1323 378 1370 sed
413 1340 474 1371 ne
510 1323 711 1385 suspitio
749 1323 946 1386 quidem
971 1323 1127 1386 potuit
1152 1324 1448 1371 consistere?
1486 1322 1742 1386 Numquid
1763 1321 1874 1371 huic

291 1405 423 1453 aliud
468 1405 636 1452 videtis
682 1407 873 1453 obstare
921 1401 1168 1471 [Roscio],
1217 1404 1309 1452 nisi
1361 1405 1495 1468 quod
1544 1405 1694 1468 patris
1739 1406 1876 1453 bona

285 1488 572 1535 venierunt?
644 1493 741 1538 53.
778 1487 969 1547 Quodsi
993 1487 1043 1535 id
1066 1499 1152 1534 vos
1178 1487 1416 1550 suscipitis
1451 1495 1497 1535 et
1526 1503 1635 1535 eam
1671 1487 1734 1535 ad
1770 1501 1875 1534 rem
1899 1497 1976 1536 153

292 1586 492 1633 operam
516 1578 725 1618 vestram
761 1570 1067 1633 profitemini,
1094 1569 1134 1616 si
1170 1569 1349 1618 idcirco
1384 1569 1575 1628 sedetis,
1602 1578 1655 1616 ut
1691 1570 1754 1617 ad
1789 1569 1886 1618 vos'

288 1653 591 1700 adducantur
613 1667 784 1700 eorum
820 1651 970 1710 liberi,
996 1667 1204 1714 quorum
1241 1653 1370 1700 bona
1402 1651 1668 1711 venierunt,
1695 1660 1873 1711 cavete,

291 1751 374 1798 per
408 1735 526 1783 deos
560 1732 860 1792 immortalis,
887 1733 1083 1792 iudices,
1109 1749 1171 1781 ne
1207 1749 1335 1782 nova
1369 1741 1417 1781 et
1449 1734 1602 1782 multo
1640 1734 1875 1782 crudelior

291 1834 377 1881 per
401 1833 486 1865 vos
518 1817 807 1881 proscriptio
837 1816 1099 1863 instaurata
1127 1831 1233 1864 esse
1263 1816 1497 1864 videatur.
1569 1816 1709 1864 Illam
1744 1817 1874 1879 prio-

291 1916 408 1958 rem,
447 1915 571 1963 quae
610 1898 735 1946 facta
766 1906 846 1946 est
885 1898 937 1945 in
971 1913 1072 1957 eos,
1101 1898 1184 1960 qui
1218 1913 1354 1945 arma
1388 1913 1564 1961 capere
1600 1903 1873 1961 potuerunt,

291 1993 456 2030 tamen
480 1990 675 2030 senatus
700 1981 941 2044 suscipere
959 1979 1126 2040 noluit,
1148 1995 1210 2027 ne
1235 1980 1352 2043 quid
1377 1981 1548 2039 acrius,
1563 1996 1714 2044 quam
1738 1997 1875 2030 more

291 2066 534 2113 maiorum
557 2071 896 2127 comparatum
921 2070 1059 2122 esset,
1083 2062 1277 2126 publico
1309 2063 1516 2110 consilio
1540 2062 1718 2111 facturn
1741 2064 1875 2112 vide·

292 2156 434 2206 retur,
459 2147 585 2195 hanc
613 2160 743 2206 vero,
766 2162 895 2209 quae
931 2146 995 2193 ad
1026 2160 1197 2193 eorum
1232 2145 1409 2193 liberos
1443 2152 1589 2207 atque
1622 2146 1685 2193 ad
1713 2146 1874 2194 infan-

292 2232 410 2278 tium
456 2245 719 2293 puerorum
761 2228 1052 2276 incunabula
1089 2228 1309 2290 pertinet,
1349 2227 1442 2274 nisi
1483 2227 1578 2275 hoc
1624 2228 1803 2277 iudicio
1843 2242 1874 2278 a

285 2314 427 2361 ‘vobis
450 2313 624 2361 reicitis
658 2318 705 2359 et
733 2310 1077 2374 aspernamini,
1105 2309 1274 2368 videte,
1300 2325 1387 2372 per
1423 2309 1539 2357 deos
1571 2310 1870 2370 immortalis,

288 2412 438 2458 quem
496 2396 546 2442 in
604 2395 768 2443 locum
819 2409 921 2441 rem
977 2393 1227 2455 publicam
1285 2400 1625 2454 perventuram
1677 2394 1870 2455 putetis.

293 2478 537 2525 Homines
570 2478 812 2540 sapientes
848 2484 898 2524 et
930 2476 1022 2524 ista
1059 2475 1342 2524 auctoritate
1378 2483 1426 2523 et
1461 2483 1696 2539 potestate
1733 2491 1871 2539 prae·
1897 2483 1973 2521 154
2018 2537 2022 2539 μ

294 2561 430 2618 ditos,
457 2576 552 2623 qua
585 2575 673 2608 vos
704 2560 834 2618 estis,
861 2575 920 2606 ex
953 2559 1131 2622 quibus
1156 2559 1305 2606 rebus
1337 2559 1553 2606 maxime
1578 2574 1654 2606 res
1679 2559 1873 2621 publica

287 2642 491 2702 laborat,
519 2644 588 2690 eis
612 2640 820 2690 maxime
849 2641 1030 2690 mederi
1063 2641 1300 2689 convenit.
1371 2639 1600 2688 Vestrum
1629 2656 1776 2688 nemo
1800 2650 1872 2690 est

288 2724 410 2787 quin
435 2725 678 2787 intellegat
693 2724 930 2786 populum
949 2723 1245 2782 Romanum,
1262 2720 1348 2785 qui
1373 2723 1622 2786 quondam
1646 2723 1696 2769 in
1721 2722 1871 2770 hostis

292 2807 561 2854 lenissimus
592 2807 972 2864 existimabatur,
1009 2805 1105 2853 hoc
1142 2813 1362 2867 tempore
1393 2805 1663 2853 domestica
1700 2805 1869 2853 crude-

292 2889 420 2937 litate
461 2889 690 2936 laborare.
764 2888 909 2936 Hanc
957 2884 1103 2936 tollite
1150 2904 1211 2936 ex
1252 2886 1461 2945 civitate,
1503 2888 1698 2946 iudices,
1743 2886 1869 2935 hanc
