2132 3094
544 164 662 204 PRO
701 163 837 204 SEX.
877 164 1110 206 ROSCIO.
1185 154 1243 223 ᾧῷ
1274 166 1539 222 117-119.
1761 168 1826 222 77

278 318 287 356 ’.
323 317 369 355 It
388 317 424 356 is
443 316 490 356 in
510 329 536 356 a
556 317 694 356 moral
710 317 790 357 soil
805 317 886 356 like
904 317 991 356 tlzis
1010 317 1102 356 tlzat
1110 329 1198 368 you
1217 318 1350 369 nglzt
1368 324 1504 370 expect
1520 319 1586 358 tlze
1599 319 1763 371 growtlz

938 385 991 437 of
997 385 1136 425 crime.

322 469 382 516 In
411 471 513 516 eius
548 468 679 516 modi
710 468 817 526 vita,
842 469 1036 526 iudices,
1071 469 1120 515 in
1152 469 1225 516 his
1257 477 1329 516 tot
1362 469 1601 532 tantisque
1640 469 1830 531 flagitiis

255 550 346 598 hoc
382 566 575 613 quoque
611 551 912 608 maleficium,
951 550 1010 598 de
1047 566 1145 612 quo
1179 550 1407 598 iudicium
1450 560 1534 608 est,
1570 551 1829 612 reperietis.

155 637 230 675 118
253 632 450 679 Etenim
505 647 733 694 quaerere
784 631 850 679 ita
897 631 1109 679 debetis:
1161 632 1243 679 ubi
1288 632 1438 679 multa
1480 647 1634 690 avare,
1681 632 1831 679 multa

155 2018 229 2056 119

254 713 489 771 audacter,
516 714 666 761 multa
708 714 936 775 improbe,
964 713 1112 762 multa
1150 714 1402 776 perfidiose
1435 714 1562 761 facta
1599 715 1829 771 videbitis,

254 796 319 842 ibi
361 796 515 843 scelus
565 811 758 858 quoque
799 795 945 842 latere
987 796 1112 842 inter
1157 795 1236 842 illa
1273 803 1343 843 tot
1384 795 1562 857 flagitia
1603 803 1832 857 putatote.

255 876 475 924 Tametsi
511 877 603 924 hoc
642 878 837 939 quidem
879 877 1075 924 minime
1117 877 1246 935 latet,
1285 877 1414 939 quod
1452 878 1516 924 ita
1551 886 1830 939 promptum

254 966 301 1006 et
351 959 653 1020 propositum
699 966 784 1016 est,
834 966 886 1006 ut
931 974 1032 1006 non
1080 974 1140 1006 ex
1178 959 1267 1006 illis
1304 959 1562 1017 maleficiis,
1611 975 1735 1022 quae
1782 961 1832 1006 in

253 1039 335 1087 illo
370 1048 558 1087 constat
594 1055 714 1097 esse,
753 1040 848 1088 hoc
884 1039 1195 1101 intellegatur,
1238 1055 1403 1087 verum
1442 1056 1501 1088 ex
1539 1041 1630 1088 hoc
1672 1043 1830 1100 etiam,

255 1121 294 1167 si
341 1121 474 1184 quod
520 1121 709 1167 illorum
755 1121 876 1168 forte
940 1121 1243 1180 dubitabitur,
1295 1123 1617 1170 convincatur.
1701 1123 1832 1181 Quid

255 1202 465 1260 tandem,
483 1218 678 1264 quaeso,
697 1203 910 1251 iudices?
948 1201 1082 1249 Num
1107 1211 1188 1250 aut
1212 1204 1289 1250 ille
1313 1203 1486 1251 lanista
1510 1206 1712 1252 omnino
1736 1206 1832 1252 iam

256 1300 284 1331 a
308 1283 467 1346 gladio
491 1285 742 1332 recessisse
766 1285 952 1332 videtur
976 1292 1056 1331 aut
1080 1284 1166 1331 iste
1192 1285 1450 1348 discipulus
1475 1287 1703 1349 magistro
1728 1295 1832 1333 tan-

255 1365 406 1412 tulum
432 1365 491 1412 de
521 1375 619 1413 arte
649 1366 947 1414 concedere?
1007 1366 1102 1413 Par
1125 1375 1196 1414 est
1220 1368 1425 1425 avaritia,
1454 1368 1620 1415 similis
1652 1368 1832 1431 impro-

259 1446 397 1504 bitas,
423 1446 594 1494 eadem
618 1448 931 1510 impudentia,
958 1449 1152 1510 gemina
1176 1448 1388 1495 audacia.

263 1575 336 1615 We
355 1576 458 1615 have
476 1590 565 1615 seen
585 1577 651 1615 tlte
674 1577 779 1628 good
788 1576 910 1628 saith
931 1577 1057 1630 qftbe
1076 1583 1237 1617 master.
1294 1578 1402 1617 Look
1422 1592 1516 1617 now
1534 1585 1580 1617 at
1606 1578 1674 1618 the
1678 1580 1834 1632 justice

363 1644 413 1696 qf
423 1645 490 1683 tlte
507 1646 648 1697 pupil,
669 1646 759 1684 wlzo
780 1645 944 1697 refused
968 1651 1005 1685 to
1033 1647 1156 1684 allow
1184 1646 1252 1685 tlze
1269 1647 1400 1685 slaves
1425 1646 1477 1698 os
1494 1648 1645 1685 Sextus
1663 1648 1837 1687 Roscius

365 1718 404 1752 to
430 1713 473 1753 be
500 1714 729 1754 examz'ned.
787 1715 898 1754 Such
926 1728 953 1754 a
986 1715 1148 1768 refusal
1181 1720 1374 1754 amounts
1406 1722 1444 1754 to
1478 1729 1504 1754 a
1537 1717 1758 1768 'confissz‘on
1796 1716 1845 1767 qf

360 1783 489 1833 guill.
556 1784 625 1822 We
656 1796 728 1822 are
761 1783 850 1822 told
881 1784 975 1834 they
1003 1796 1076 1822 are
1113 1783 1217 1822 with
1256 1783 1553 1835 Chrysogonus.
1611 1786 1650 1823 A
1656 1785 1718 1823 nd
1751 1786 1835 1823 tlzz's

364 1850 506 1902 bringa·
524 1864 586 1890 me
613 1857 652 1890 to
681 1865 749 1902 my
767 1851 890 1890 third
911 1851 1139 1891 head—the
1164 1851 1305 1891 undue
1335 1852 1542 1904 influente
1558 1852 1694 1891 whz'clz
1723 1853 1771 1892 lze
1800 1853 1836 1892 is

364 1919 538 1958 allowed
551 1925 590 1959 to
609 1920 796 1959 exercz'se.

327 2014 429 2060 41.
452 2010 662 2069 Etenim,
684 2012 916 2074 quoniam
942 2011 1086 2058 fidem
1106 2011 1320 2072 magistri
1340 2012 1601 2073 cognostis,
1624 2027 1835 2073 cognos-

255 2094 346 2141 cite
392 2108 521 2141 nunc
569 2092 786 2154 discipuli
834 2093 1138 2155 aequitatem.
1207 2091 1322 2139 Dixi
1361 2093 1458 2140 iam
1507 2101 1647 2141 antea
1690 2108 1835 2155 saepe

255 2189 456 2222 numero
478 2173 741 2236 postulatos
757 2189 861 2221 esse
886 2175 948 2221 ab
966 2175 1069 2221 istis
1087 2174 1208 2222 duos
1234 2189 1397 2222 servos
1414 2175 1464 2221 in
1485 2175 1835 2237 quaestionem.

257 2256 338 2303 Tu
357 2271 559 2318 semper,
586 2256 647 2302 T.
675 2255 836 2313 Rosci,
863 2257 1103 2303 recusasti.
1165 2256 1363 2314 Quaero
1388 2258 1474 2304 abs
1499 2265 1545 2304 te
1569 2275 1578 2304 :
1619 2258 1727 2304 eine
1753 2258 1836 2319 qui

253 2338 561 2401 postulabant
576 2338 758 2400 indigni
774 2346 909 2385 erant
926 2338 1008 2400 qui
1022 2338 1357 2400 impetrarent?
1376 2339 1455 2385 An
1471 2340 1510 2386 is
1526 2347 1569 2386 te
1586 2355 1687 2386 non
1703 2355 1835 2387 com-

256 2421 494 2477 movebat,
510 2435 601 2482 pro
625 2436 723 2482 quo
738 2420 1071 2482 postulabant?
1097 2420 1176 2466 An
1195 2436 1270 2467 res
1294 2420 1399 2482 ipsa
1417 2421 1502 2467 tibi
1520 2422 1684 2483 iniqua
1708 2421 1837 2468 vide-

257 2503 428 2548 batur?
483 2500 795 2549 Postulabant
818 2502 1041 2548 homines
1066 2502 1350 2548 nobilissimi
1374 2511 1518 2564 atque
1543 2503 1837 2565 integerrimi

256 2592 451 2631 nostrae
470 2584 685 2642 civitatis,
705 2600 827 2647 quos
846 2586 941 2631 iam
962 2594 1103 2631 antea
1122 2585 1396 2643 nominavi;
1437 2586 1518 2647 qui
1537 2586 1603 2631 ita
1620 2586 1838 2632 vixerunt

257 2666 471 2728 talesque
497 2681 525 2712 a
559 2666 741 2727 populo
768 2666 996 2713 Romano
1020 2674 1262 2728 putantur,
1287 2675 1339 2713 ut
1363 2667 1591 2729 quicquid
1629 2668 1839 2714 dicerent

256 2762 402 2796 nemo
422 2756 546 2794 esset
562 2748 643 2809 qui
663 2763 763 2795 non
782 2763 992 2810 aequum
1011 2756 1197 2809 putaret
1203 2764 1215 2806 ;
1244 2749 1551 2810 postulabant
1572 2758 1732 2795 autem
1747 2765 1838 2811 pro

257 2829 453 2876 homine
478 2830 746 2877 miserrimo
770 2839 912 2892 atque
938 2830 1279 2888 infelicissimo,
1308 2831 1389 2893 qui
1420 2830 1492 2877 vel
1528 2831 1629 2893 ipse
1664 2847 1773 2899 sese¹
1790 2831 1841 2877 in
