2132 3094
283 141 352 193 60
599 151 718 194 PRO
755 152 891 196 SEX.
930 152 1162 196 ROSCIO.
1237 141 1297 212 ῥῷ
1337 138 1534 211 74-76.

284 280 475 331 Romae
499 298 602 332 non
625 284 741 333 fuit:
772 283 812 333 si
836 301 925 349 per
947 284 1067 333 alios
1091 283 1263 334 fecisse
1281 284 1414 344 dicis,
1431 299 1612 349 quaero
1628 296 1858 334 servosne

282 380 346 413 an
381 365 593 414 liberos?
666 365 731 414 Si
745 376 838 430 per
868 367 1059 426 liberos,
1085 383 1210 430 quos
1245 366 1498 416 homines?
1570 367 1862 415 Indidemne²

283 447 479 496 Ameria
503 464 567 496 an
592 448 741 497 hosce
773 466 835 499 ex
868 452 988 499 urbe
1022 450 1251 499 sicarios?
1324 449 1373 496 Si
1397 449 1611 508 Ameria,
1636 449 1720 513 qui
1744 457 1858 497 sunt

283 529 364 578 hi?
435 530 537 579 Cur
560 547 660 579 non
689 532 1032 580 nominantur?
1105 531 1155 579 Si
1181 531 1356 590 Roma,
1380 531 1512 579 unde
1545 546 1631 580 eos
1655 538 1856 580 noverat

285 610 506 671 Roscius,
531 613 614 676 qui
651 613 862 662 Romam
892 614 1054 661 multis
1091 614 1231 661 annis
1266 629 1368 662 non
1390 614 1521 661 venit
1557 628 1715 677 neque
1749 626 1858 665 um-

284 709 431 757 quam
447 694 556 757 plus
577 696 737 743 triduo
757 695 877 745 fuit?
925 695 1025 743 Ubi
1043 711 1130 744 eos
1143 695 1402 744 convenit?
1439 694 1652 754 Quicum
1667 695 1859 742 locutus

284 777 387 824 est?
442 775 557 835 Quo
582 778 735 825 modo
760 778 1029 841 persuasit?
1090 781 1102 803 ‘
1120 777 1334 825 Pretium
1357 773 1519 825 dedit.'
1578 776 1670 824 Cui
1694 776 1862 824 dedit?

285 858 378 907 Per
401 873 548 922 quem
572 859 737 907 dedit?
809 859 959 907 Unde
983 868 1066 908 aut
1089 867 1326 922 quantum
1346 858 1509 907 dedit?
1580 857 1760 907 Nonne
1783 858 1859 905 his

283 941 494 1004 vestigiis
518 940 580 988 ad
604 950 750 1004 caput
774 941 996 989 maleficii
1021 941 1258 1004 perveniri
1293 940 1448 989 solet?
1518 939 1581 987 Et
1605 940 1748 987 simul
1772 939 1860 988 tibi

284 1022 334 1069 in
357 1029 570 1070 mentem
593 1024 752 1070 veniat
786 1022 933 1071 facito
968 1038 1115 1085 quem
1150 1023 1214 1071 ad
1249 1022 1451 1070 modum
1476 1022 1623 1070 vitam
1657 1021 1859 1071 huiusce

284 1103 586 1166 depinxeris:
623 1104 752 1152 hunc
777 1105 1023 1154 hominem
1046 1104 1203 1152 ferum
1234 1113 1381 1168 atque
1415 1113 1654 1168 agrestem
1689 1103 1832 1152 fuisse
1846 1117 1859 1163 3

284 1201 551 1249 numquam
574 1202 687 1234 cum
716 1187 912 1235 homine
937 1202 1186 1250 quoquam
1211 1187 1521 1235 conlocutum
1546 1201 1682 1245 esse3
1719 1200 1860 1232 num-

285 1283 434 1331 quam
469 1268 521 1315 in
552 1268 735 1331 oppido
767 1269 1052 1317 constitisse.
1125 1268 1238 1329 Qua
1273 1269 1324 1316 in
1358 1285 1409 1317 re
1443 1277 1694 1332 praetereo
1730 1268 1859 1326 illud,
1883 1271 1934 1316 75

286 1350 418 1414 quod
448 1350 566 1397 mihi
599 1352 815 1400 maximo
849 1359 1136 1415 argumento
1161 1351 1224 1399 ad
1253 1351 1397 1399 huius
1421 1351 1748 1399 innocentiam
1771 1366 1860 1414 po-

284 1439 406 1480 terat
455 1448 574 1491 esse,
617 1434 667 1481 in
709 1435 895 1482 rusticis
936 1435 1167 1493 moribus,
1209 1434 1259 1481 in
1300 1435 1427 1482 victu
1475 1433 1628 1492 arido,
1670 1433 1720 1480 in
1766 1433 1859 1481 hac

284 1514 476 1562 horrida
513 1515 788 1580 incultaque
824 1516 920 1563 vita
961 1516 1095 1564 istius
1136 1515 1271 1563 modi
1310 1515 1546 1563 maleficia
1584 1514 1717 1577 gigni
1760 1529 1861 1562 non

286 1596 462 1645 solere:
505 1605 558 1644 ut
593 1613 695 1645 non
730 1614 928 1647 omnem
964 1597 1153 1661 frugem
1188 1613 1346 1661 neque
1382 1598 1604 1645 arborem
1639 1597 1689 1644 in
1726 1597 1861 1645 omni

286 1695 403 1742 agro
437 1679 641 1743 reperire
681 1681 854 1743 possis,
880 1681 947 1728 sic
983 1695 1083 1729 non
1119 1696 1265 1728 omne
1300 1679 1487 1727 facinus
1523 1679 1573 1726 in
1608 1679 1743 1727 omni
1765 1679 1862 1726 vita

286 1762 528 1809 nascitur:
576 1762 627 1809 in
663 1763 784 1810 urbe
821 1763 1031 1810 luxuries
1072 1770 1255 1810 creatur
1273 1777 1286 1821 ;
1335 1778 1396 1809 ex
1434 1761 1623 1809 luxuria
1663 1761 1860 1809 exsistat
1906 1799 1909 1802 ,

285 1843 477 1891 avaritia
513 1860 710 1892 necesse
750 1852 838 1904 est,
878 1859 937 1891 ex
975 1844 1170 1891 avaritia
1209 1852 1428 1906 erumpat
1470 1842 1668 1890 audacia
1683 1858 1696 1902 ;
1745 1842 1859 1890 inde

287 1926 450 1973 omnia
488 1926 669 1974 scelera
704 1942 761 1975 ac
799 1926 1035 1974 maleficia
1074 1926 1336 1988 gignuntur
1352 1942 1365 1985 ;
1402 1926 1498 1972 vita
1540 1933 1702 1973 autem
1738 1924 1858 1974 haec

285 2008 474 2066 rustica,
501 2024 650 2071 quam
683 2017 736 2056 tu
760 2017 1000 2071 agrestem
1024 2023 1183 2066 vocas,
1208 2008 1544 2071 parsimoniae,
1569 2007 1856 2069 diligentiae,

285 2091 486 2138 iustitiae
511 2091 738 2153 magistra
754 2100 838 2139 est.
911 2096 1008 2141 28.
1035 2091 1219 2139 Verum
1243 2091 1361 2138 haec
1387 2091 1535 2138 missa
1549 2090 1704 2150 faci03
1741 2089 1857 2137 illud
1880 2094 1932 2139 76

284 2187 476 2235 quaero,
497 2173 538 2220 is
564 2173 727 2231 homo,
745 2174 843 2236 qui,
858 2182 910 2221 ut
935 2181 1032 2221 tute
1057 2174 1187 2231 dicis,
1204 2188 1472 2236 numquam
1490 2173 1613 2220 inter
1636 2171 1857 2220 homines

285 2254 436 2314 fuerit,
462 2271 547 2318 per
570 2259 695 2318 quos
719 2255 941 2305 homines
973 2256 1067 2303 hoc
1101 2264 1291 2303 tantum
1322 2254 1505 2302 facinus
1529 2263 1628 2302 tam
1653 2249 1856 2313 occulte,

286 2338 460 2384 absens
495 2339 784 2400 praesertim,
821 2339 1059 2386 conficere
1094 2338 1318 2401 potuerit.
1388 2336 1546 2384 Multa
1581 2344 1693 2384 sunt
1723 2336 1857 2394 falsa,

284 2419 480 2478 iudices,
501 2435 625 2482 quae
649 2429 812 2468 tamen
836 2421 971 2483 argui
997 2420 1246 2483 suspitiose
1271 2427 1472 2482 possunt
1490 2435 1504 2478 ;
1539 2419 1590 2466 in
1613 2419 1687 2465 his
1713 2420 1857 2467 rebus

286 2501 325 2548 si
350 2502 549 2562 suspitio
574 2511 759 2564 reperta
785 2504 886 2562 erit,
914 2503 1105 2566 culpam
1130 2503 1287 2550 inesse
1313 2501 1593 2549 concedam.
1667 2501 1856 2550 Romae

289 2583 398 2631 Sex.
426 2583 630 2632 Roscius
653 2585 899 2644 occiditur,
927 2601 1038 2633 cum
1060 2585 1110 2632 in
1136 2601 1254 2648 agro
1282 2583 1514 2631 Amerino
1539 2592 1665 2632 esset
1698 2584 1851 2632 filius:

285 2664 474 2723 litteras,
513 2667 672 2739 credo,
714 2668 843 2714 misit
889 2668 1030 2715 alicui
1069 2668 1252 2726 sicario,
1295 2667 1378 2729 qui
1421 2666 1610 2714 Romae
1657 2675 1858 2714 noverat

286 2748 544 2795 neminem.
631 2749 919 2796 ‘Arcessivit
967 2746 1201 2811 aliquem.'
1289 2748 1451 2807 Quem
1500 2756 1580 2795 aut
1627 2748 1854 2811 quando?

288 2833 300 2853 ‘
315 2827 553 2877 Nuntium
578 2830 733 2877 misit!
772 2830 935 2889 Quem
953 2839 1033 2878 aut
1048 2831 1110 2878 ad
1125 2832 1299 2894 quem?
1343 2834 1355 2855 ⁴
1371 2830 1544 2888 Pretio,
1565 2830 1731 2892 gratia,
1752 2845 1853 2892 spe,
