2132 3094
568 172 686 212 PRO
725 171 860 211 SEX.
901 171 1132 211 ROSCIO.
1211 159 1272 226 ᾧῷ
1312 158 1506 226 96-97.
1758 157 1825 225 69

254 338 299 376 It
315 349 402 375 was
419 349 446 374 a
464 336 589 375 client
616 337 806 388 ofyours
831 336 921 375 who
948 335 1122 387 brought
1149 335 1215 374 the
1243 348 1354 374 news
1382 340 1420 374 lo
1439 335 1625 382 Ameria,
1645 335 1736 373 and
1758 338 1831 373 not

359 411 398 444 to
427 405 493 443 tlte
521 405 643 443 lzouse
669 404 720 456 of
737 405 888 443 Sextus
915 404 1087 443 Roscius
1113 393 1290 454 lz'z‘mselfi
1313 403 1385 442 but
1412 409 1451 442 to
1480 403 1572 441 that
1597 402 1648 453 of
1670 403 1826 453 Capito,

361 473 427 511 lzz's
454 485 608 522 enemy.
675 473 797 511 What
825 472 941 510 made
968 472 1057 510 lzz'm
1083 472 1221 510 travel
1243 471 1309 509 all
1329 471 1451 521 nzgrlzt
1468 476 1515 508 at
1538 471 1636 509 suclz
1656 483 1682 508 α
1693 476 1794 525 paee
1809 469 1829 509 ?

359 542 470 580 How
502 554 611 579 came
641 541 690 579 he
724 545 763 578 to
797 540 919 579 know
954 540 1006 591 of
1021 540 1087 578 tlze
1119 552 1353 578 occurrence
1384 552 1424 577 so
1461 538 1588 577 soon?
1632 539 1720 577 Can
1740 551 1827 588 you

359 614 432 648 not
449 610 615 660 picture
637 609 726 646 him
746 613 785 647 to
803 608 1050 658 yourselves,
1066 608 1232 660 judge5‚
1253 606 1491 659 despatched
1496 606 1619 658 from
1638 606 1705 645 tlze
1729 619 1828 657 vemt

358 690 469 716 scene
487 677 538 728 of
545 677 611 715 tlze
631 676 813 724 murder,
834 681 873 715 to
891 676 1019 727 bring
1032 675 1099 714 tlte
1119 688 1230 714 news
1248 681 1286 714 to
1310 676 1454 727 Capito
1466 674 1486 714 ,9

179 802 229 839 96
321 787 496 836 Occiso
547 787 655 835 Sex.
706 787 899 844 Roscio,
937 788 1043 850 quis
1090 787 1270 849 primus
1312 786 1559 834 Ameriam
1608 787 1825 833 nuntiat?

252 869 446 917 Mallius
470 869 686 927 Glaucia,
714 885 860 932 quem
885 870 980 916 iam
1010 877 1152 916 antea
1182 869 1443 927 nominavi,
1469 876 1579 915 tuus
1605 869 1755 915 cliens
1781 877 1827 915 et

251 951 506 998 familiaris.
580 952 714 1010 Quid
738 951 926 998 attinuit
951 966 1062 997 eum
1088 951 1392 1012 potissimum
1419 951 1654 1002 nuntiare.
1676 951 1823 1012 quod,

252 1033 291 1080 si
315 1033 498 1080 nullum
530 1033 626 1079 iam
660 1041 769 1080 ante
804 1032 1056 1080 consilium
1090 1032 1149 1079 de
1182 1044 1338 1079 morte
1373 1048 1430 1079 ac
1466 1033 1525 1080 de
1559 1033 1700 1080 bonis
1724 1033 1826 1081 eius

252 1114 426 1163 inieras
450 1114 727 1176 nullamque
755 1114 1028 1162 societatem
1046 1129 1204 1176 neque
1229 1113 1423 1161 sceleris
1447 1129 1608 1177 neque
1627 1114 1827 1177 praemii

250 1211 362 1245 curn
403 1195 601 1243 homine
639 1196 736 1243 ullo
771 1196 968 1253 coieras,
1004 1195 1066 1242 ad
1103 1202 1151 1243 te
1192 1195 1390 1243 minime
1426 1196 1646 1243 omnium
1684 1196 1825 1260 perti-

251 1278 427 1325 nebat?
474 1282 483 1301 ‘
506 1277 603 1325 Sua
626 1285 797 1339 sponte
823 1275 1019 1324 Mallius
1044 1277 1261 1325 nuntiat.'
1323 1276 1470 1336 Quid,
1497 1293 1695 1340 quaeso,
1723 1278 1825 1326 eius

251 1359 502 1407 intererat?
552 1360 645 1418 An,
674 1374 786 1407 cum
820 1358 1066 1406 Ameriam
1101 1374 1202 1405 non
1236 1359 1437 1407 huiusce
1474 1360 1541 1406 rei
1577 1375 1723 1407 causa
1746 1375 1826 1407 ve-

251 1442 411 1499 nisset,
447 1456 562 1488 casu
603 1441 776 1487 accidit
803 1448 855 1486 ut
891 1440 954 1497 id,
987 1439 1117 1502 quod
1154 1439 1342 1487 Romae
1377 1440 1605 1497 audierat,
1642 1442 1824 1503 primus

250 1524 519 1570 nuntiaret?
570 1522 719 1570 Cuius
746 1522 813 1568 rei
838 1536 981 1569 causa
1003 1529 1196 1568 venerat
1214 1521 1494 1569 Ameriam?
1533 1526 1544 1545 ‘
1566 1521 1682 1570 Non
1712 1538 1825 1585 pos-

251 1602 382 1652 sum'
418 1605 573 1667 inquit
610 1603 880 1651 ‘divinare.’
948 1602 1026 1650 Eo
1068 1618 1168 1649 rem
1211 1603 1308 1649 iam
1346 1603 1599 1662 adducam,
1626 1613 1677 1651 ut
1710 1605 1826 1652 nihil

250 1687 537 1735 divinatione
556 1701 682 1748 opus
708 1686 778 1732 sit.
827 1684 941 1744 Qua
963 1685 1146 1732 ratione
1170 1684 1354 1732 Roscio
1372 1685 1596 1748 Capitoni
1615 1687 1826 1748 primum

249 1768 512 1815 nuntiavit?
573 1767 699 1815 Cum
731 1767 954 1814 Ameriae
989 1766 1098 1814 Sex.
1137 1767 1304 1815 Roscii
1340 1767 1529 1826 domus,
1555 1783 1678 1815 uxor
1709 1768 1825 1816 libe—

250 1850 385 1913 rique
422 1858 597 1907 essent,
630 1864 740 1896 cum
778 1857 846 1897 tot
877 1849 1137 1911 propinqui
1170 1850 1458 1911 cognatique
1491 1850 1672 1912 optime
1710 1866 1824 1898 con-

250 1931 509 1987 venientes,
527 1946 624 1993 qua
643 1931 824 1978 ratione
843 1930 1022 1977 factum
1046 1938 1188 1978 estut
1212 1931 1299 1978 iste
1318 1939 1430 1977 tuus
1454 1930 1615 1988 cliens,
1634 1930 1824 1978 sceleris

250 2012 318 2058 tui
365 2013 574 2070 nuntius,
609 2011 669 2059 T.
708 2012 887 2059 Roscio
930 2011 1157 2073 Capitoni
1199 2013 1506 2073 potissimum
1552 2012 1822 2059 nuntiaret?

177 2104 227 2145 97
253 2093 455 2143 Occisus
479 2102 549 2141 est
569 2110 597 2140 a
622 2109 743 2140 cena
762 2093 970 2140 rediens:
1001 2094 1220 2140 nondum
1243 2094 1450 2149 lucebat,
1467 2109 1579 2141 cum
1599 2094 1823 2141 Ameriae

252 2175 424 2224 scitum
454 2183 538 2222 est.
609 2175 741 2234 Quid
773 2175 849 2221 hic
883 2175 1172 2223 incredibilis
1201 2192 1383 2233 cursus,
1409 2176 1527 2239 quid
1550 2176 1667 2223 haec
1692 2183 1824 2222 tanta

250 2258 463 2306 celeritas
499 2257 828 2319 festinatioque
870 2257 1136 2318 significat?
1198 2257 1314 2305 Non
1355 2273 1535 2321 quaero
1572 2258 1678 2319 quis
1713 2272 1821 2319 per-

251 2341 477 2399 cusserit;
517 2340 632 2386 nihil
656 2348 742 2398 est,
772 2339 987 2396 Glaucia,
1015 2339 1146 2401 quod
1170 2348 1354 2386 metuas
1368 2356 1380 2398 ς
1416 2356 1515 2386 non
1540 2340 1733 2387 excutio
1758 2347 1818 2398 te,

251 2423 290 2469 si
315 2422 431 2484 quid
460 2421 578 2469 forte
611 2421 720 2468 ferri
755 2421 975 2478 habuisti,
1000 2437 1102 2467 non
1135 2431 1333 2480 scrutor,
1362 2421 1479 2467 nihil
1508 2421 1570 2467 ad
1594 2436 1672 2467 me
1698 2420 1821 2468 arbi-

250 2514 348 2551 tror
370 2505 632 2567 pertinere:
671 2504 902 2566 quoniam
927 2503 1062 2550 cuius
1089 2503 1288 2550 consilio
1318 2504 1504 2550 occisus
1530 2503 1587 2549 sit
1613 2503 1817 2561 invenio,

251 2587 386 2634 cuius
414 2601 561 2632 manu
591 2586 651 2633 sit
682 2600 936 2647 percussus
968 2600 1070 2631 non
1101 2585 1282 2632 labor0.
1356 2584 1522 2631 Unum
1546 2583 1639 2631 hoc
1665 2600 1818 2642 sumo,

251 2667 382 2731 quod
416 2667 535 2713 mihi
580 2676 797 2729 apertum
838 2676 974 2713 tuum
1017 2667 1173 2713 scelus
1212 2682 1382 2728 resque
1418 2665 1674 2712 manifesta
1712 2666 1818 2713 dat:

250 2750 333 2796 ubi
362 2758 443 2795 aut
471 2749 599 2796 unde
633 2749 808 2796 audivit
832 2733 1067 2796 Glaucia?
1122 2748 1219 2806 Qui
1250 2756 1349 2794 tam
1383 2748 1477 2794 cito
1511 2748 1672 2794 scivit?
1721 2747 1818 2795 Fac

251 2832 439 2880 audisse
473 2831 645 2878 statim.
717 2830 854 2889 Quae
889 2846 962 2878 res
996 2846 1107 2877 eum
1142 2838 1281 2877 nocte
1309 2845 1406 2877 una
1430 2837 1616 2876 tantum
1642 2830 1819 2876 itineris
