2132 3094
594 147 712 207 Pko
747 166 878 209 SEX.
917 166 1150 209 ROSCIO.
1228 156 1287 226 ξς
1327 157 1520 226 76-79·.
1772 157 1836 209 61

276 299 524 362 promissis
546 299 731 348 induxit
754 299 990 364 aliquem.'
1060 298 1191 346 Nihil
1214 298 1387 346 horum
1410 294 1472 348 ne
1497 299 1712 362 confingi
1736 301 1841 363 qui-

280 380 390 428 dem
425 389 597 444 potest,
624 389 670 429 et
705 391 866 429 tamen
899 396 1041 429 causa
1077 380 1136 428 de
1169 380 1422 443 parricidio
1458 381 1639 428 dicitur.
1712 380 1840 428 Reli-

200 467 442 525 ZJsqffffln.
464 470 536 510 est
570 470 621 509 ut
654 478 740 525 per
775 478 934 510 servos
963 461 1012 509 id
1047 461 1300 509 admiserit.
1370 461 1416 510 O
1442 462 1488 508 di
1518 462 1838 510 immortales!

277 557 379 589 rem
404 543 629 591 miseram
662 552 708 591 et
740 544 1081 602 calamitosam,
1106 543 1239 606 quod
1266 543 1317 590 in
1352 543 1435 590 tali
1472 544 1670 590 crimine
1708 542 1840 606 quod

275 623 518 671 innocenti
547 625 684 672 saluti
722 625 842 674 solet
872 641 977 674 esse
1005 632 1059 673 ut
1094 640 1253 672 servos
1289 625 1338 671 in
1373 625 1705 687 quaestionem
1740 623 1838 687 pol-

277 704 488 764 liceatur,
521 706 571 754 id
610 706 716 754 Sex.
751 706 933 755 Roscio
967 706 1124 755 facere
1158 721 1260 754 non
1294 706 1429 755 licet:
1468 721 1567 764 vos,
1594 706 1676 769 qui
1712 705 1840 753 hunc

279 788 526 846 accusatis,
565 789 722 836 omnis
758 789 858 837 eius
900 804 1062 837 servos
1105 788 1315 847 habetis;
1353 804 1476 836 unus
1517 804 1652 852 puer,
1690 788 1839 836 victus

279 868 507 916 cotidiani
548 871 774 930 minister,
814 886 874 918 ex
910 878 1041 918 tanta
1080 870 1256 917 familia
1293 870 1402 918 Sex.
1428 870 1611 918 Roscio
1648 870 1839 917 relictus

277 965 377 997 non
401 959 485 998 est.
554 951 630 998 Te
663 967 791 1000 nunc
823 953 1026 1015 appello,
1053 951 1104 1000 P.
1132 951 1307 1014 Scipio,
1341 960 1402 1008 te,
1437 951 1667 1000 Metelle:
1706 952 1840 999 vobis

278 1031 537 1091 advocatis,
562 1034 697 1081 vobis
732 1034 995 1096 agentibus,
1026 1034 1308 1096 aliquotiens
1335 1034 1459 1081 duos
1488 1049 1649 1081 servos
1684 1041 1839 1095 pater·-

277 1127 369 1162 nos
392 1114 442 1160 in
478 1115 807 1177 quaestionem
843 1116 905 1162 ab
941 1115 1220 1162 adversariis
1248 1114 1355 1162 Sex.
1383 1114 1591 1162 Roscius
1626 1115 1841 1177 postula-

279 1195 371 1243 vit:
409 1196 755 1244 meministisne
775 1195 836 1244 T.
858 1196 1090 1244 Roscium
1114 1198 1362 1244 recusare?
1417 1195 1583 1254 Quid?
1633 1196 1694 1243 Ei
1719 1197 1840 1245 servi

277 1277 359 1323 ubi
395 1278 536 1325 sunt?
606 1277 994 1340 Chrysogonum,
1031 1278 1225 1337 iudices,
1262 1286 1527 1326 sectantur:
1564 1278 1693 1341 apud
1729 1293 1840 1326 eum

278 1366 386 1405 sunt
410 1359 458 1405 in
483 1358 667 1407 honore
692 1367 738 1407 et
763 1360 929 1422 pretio.
999 1359 1161 1407 Etiam
1187 1375 1315 1407 nunc
1339 1368 1391 1408 ut
1415 1376 1475 1407 ex
1500 1360 1567 1408 eis
1585 1369 1840 1422 quaeratur

201 1450 252 1494 78
274 1454 370 1500 ego
394 1440 598 1501 postulo,
624 1440 700 1487 hic
738 1449 843 1488 orat
875 1449 1018 1504 atque
1051 1442 1280 1489 obsecrat.
1351 1440 1483 1500 Quid
1513 1441 1698 1489 facitis?
1742 1440 1841 1489 Cur

275 1521 538 1569 recusatis?
595 1521 822 1569 Dubitate
846 1522 989 1570 etiam
1013 1538 1159 1581 nunc,
1180 1523 1371 1580 iudices,
1394 1523 1431 1570 si
1450 1523 1660 1585 potestis,
1688 1539 1717 1570 a
1742 1538 1840 1586 quo

276 1604 335 1651 sit
361 1602 470 1651 Sex.
497 1602 702 1651 Roscius
738 1605 940 1663 occisuS‚
966 1606 1028 1652 ab
1059 1620 1196 1663 eone,
1222 1605 1304 1668 qui
1336 1614 1534 1667 propter
1564 1605 1687 1653 illius
1713 1621 1840 1653 mor-

275 1692 376 1731 tem
411 1685 460 1731 in
494 1693 704 1746 egestate
732 1693 778 1732 et
813 1686 862 1732 z'n
897 1686 1078 1733 insidiis
1111 1694 1336 1744 versatur,
1370 1687 1446 1734 cui
1482 1702 1544 1734 ne
1581 1688 1840 1750 quaerendi

280 1765 476 1829 quidem
513 1766 571 1814 de
607 1774 760 1814 morte
801 1768 948 1829 patris
981 1774 1193 1829 potestas
1224 1768 1523 1830 permittitur,
1562 1785 1623 1816 an
1660 1770 1722 1816 ab
1757 1770 1839 1826 eis,

268 1848 361 1910 -qui
385 1847 715 1910 quaestionem
747 1847 961 1910 fugitant,
987 1849 1116 1896 bona
1151 1849 1410 1911 possident,
1437 1850 1487 1896 in
1519 1850 1668 1898 caede
1698 1859 1840 1914 atque

278 1945 338 1978 ex
363 1930 510 1977 caede
523 1930 698 1979 vivunt.
750 1930 941 1988 Omnia,
957 1931 1152 1990 iudices,
1171 1931 1222 1978 in
1245 1931 1335 1980 hac
1363 1946 1509 1980 causa
1535 1941 1646 1981 sunt
1668 1934 1842 1981 misera

278 2020 421 2074 atque
461 2011 672 2074 indigna,
715 2020 877 2059 tamen
924 2012 1016 2060 hoc
1056 2012 1171 2060 nihil
1218 2029 1376 2075 neque
1422 2015 1635 2062 acerbius
1683 2031 1841 2077 neque

279 2093 489 2155 iniquius
513 2093 710 2155 proferri
734 2102 926 2156 potest:
963 2094 1128 2142 mortis
1160 2104 1386 2157 paternae
1412 2096 1470 2143 de
1503 2096 1648 2143 servis
1684 2104 1840 2159 pater-

278 2175 353 2222 nis
378 2175 708 2238 quaestionem
744 2174 923 2223 habere
955 2175 1054 2223 filio
1079 2192 1179 2224 non
1206 2177 1329 2224 licet.
1400 2176 1476 2224 Ne
1501 2185 1600 2224 tam
1626 2178 1705 2224 diu
1738 2179 1841 2240 qui-

278 2256 390 2304 dem
430 2257 654 2304 dominus
689 2257 777 2304 erit
810 2257 860 2303 in
896 2272 1022 2315 suos,
1061 2258 1177 2304 dum
1212 2274 1271 2305 ex
1306 2259 1375 2306 eis
1412 2259 1469 2306 de
1505 2259 1653 2322 patris
1690 2268 1842 2308 morte

278 2340 564 2400 quaeratur?
599 2337 824 2396 Veniam,
840 2354 996 2402 neque
1011 2339 1076 2386 ita
1094 2339 1246 2387 multo
1269 2348 1395 2402 post,
1413 2340 1476 2387 ad
1498 2339 1626 2388 hunc
1651 2341 1841 2390 locum:

278 2436 394 2468 nam
427 2421 521 2468 hoc
546 2428 700 2467 totum
733 2420 795 2467 ad
821 2420 1027 2468 Roscios
1064 2421 1282 2483 pertinet,
1309 2421 1369 2469 de
1399 2437 1605 2484 quorum
1642 2424 1844 2471 audacia

279 2510 383 2550 tum
423 2517 504 2549 me
553 2502 790 2549 dicturum
833 2502 1073 2564 pollicitus
1121 2518 1240 2561 sum,
1281 2519 1390 2550 cum
1432 2503 1596 2551 Erucii
1644 2505 1843 2553 crimina

207 2596 257 2638 79
281 2583 537 2631 diluissem.
590 2587 686 2633 29.
724 2582 882 2641 Nunc,
899 2583 1058 2643 Eruci,
1081 2584 1142 2630 ad
1166 2593 1211 2631 te
1230 2585 1384 2633 venio.
1438 2584 1703 2633 Conveniat
1726 2586 1842 2633 mihi

280 2674 440 2712 tecum
475 2681 669 2713 necesse
702 2673 788 2723 est,
814 2665 852 2712 si
886 2665 947 2712 ad
977 2664 1107 2712 hunc
1143 2665 1431 2713 maleficium
1466 2667 1591 2714 istud
1625 2669 1841 2729 pertinet,

280 2754 362 2793 aut
394 2747 550 2808 ipsum
582 2762 668 2794 sua
696 2762 844 2793 manu
878 2746 1063 2806 fecisse,
1090 2746 1138 2794 id
1175 2747 1306 2810 quod
1335 2763 1499 2810 negaS,
1527 2756 1608 2796 aut
1638 2764 1726 2811 per
1760 2749 1842 2796 ali-

280 2842 403 2892 quos
422 2827 597 2876 liberos
612 2836 694 2877 aut
712 2842 887 2877 servos,
959 2826 1263 2879 Liberosne?
1302 2828 1442 2887 Quos
1466 2845 1625 2893 neque
1649 2837 1702 2878 ut
1726 2844 1843 2879 con-
